ts_recv,ts_event,rtype,publisher_id,instrument_id,action,side,depth,price,size,flags,ts_in_delta,sequence,symbol,dataset
2026-05-18 12:52:15.383001200+00:00,2026-05-18 12:52:15.382786600+00:00,0,43,19474,T,B,0,3.59,3,0,199835,4977393,CURR,ARCX.PILLAR
2026-05-18 13:30:00.448925121+00:00,2026-05-18 13:30:00.448707768+00:00,0,43,19474,T,B,0,3.59,22,0,199525,5920602,CURR,ARCX.PILLAR
2026-05-18 13:30:00.448932314+00:00,2026-05-18 13:30:00.448708153+00:00,0,43,19474,T,B,0,3.59,1,0,199689,5920603,CURR,ARCX.PILLAR
2026-05-18 13:30:12.244731411+00:00,2026-05-18 13:30:12.244512705+00:00,0,43,19474,T,N,0,3.595,100,0,199615,6050749,CURR,ARCX.PILLAR
2026-05-18 13:30:12.244731411+00:00,2026-05-18 13:30:12.244512705+00:00,0,43,19474,T,A,0,3.52,25,0,199615,6050750,CURR,ARCX.PILLAR
2026-05-18 13:30:12.244738405+00:00,2026-05-18 13:30:12.244513046+00:00,0,43,19474,T,N,0,3.47,391,128,199351,6050751,CURR,ARCX.PILLAR
2026-05-18 13:31:31.355499400+00:00,2026-05-18 13:31:31.355277802+00:00,0,43,19474,T,N,0,3.59,100,0,199369,6371277,CURR,ARCX.PILLAR
2026-05-18 13:31:31.355499400+00:00,2026-05-18 13:31:31.355277802+00:00,0,43,19474,T,A,0,3.58,300,0,199369,6371278,CURR,ARCX.PILLAR
2026-05-18 13:31:31.355506506+00:00,2026-05-18 13:31:31.355278432+00:00,0,43,19474,T,A,0,3.58,17,0,199427,6371279,CURR,ARCX.PILLAR
2026-05-18 13:31:31.355903884+00:00,2026-05-18 13:31:31.355694067+00:00,0,43,19474,T,N,0,3.59,141,128,199445,6371302,CURR,ARCX.PILLAR
2026-05-18 13:31:31.364527011+00:00,2026-05-18 13:31:31.364318836+00:00,0,43,19474,T,N,0,3.56,110,128,199326,6371345,CURR,ARCX.PILLAR
2026-05-18 13:31:32.368249481+00:00,2026-05-18 13:31:32.368038702+00:00,0,43,19474,T,N,0,3.55,25,128,199376,6374700,CURR,ARCX.PILLAR
2026-05-18 13:31:35.342948539+00:00,2026-05-18 13:31:35.342736498+00:00,0,43,19474,T,N,0,3.56,25,128,199727,6384145,CURR,ARCX.PILLAR
2026-05-18 13:31:35.344135027+00:00,2026-05-18 13:31:35.343925991+00:00,0,43,19474,T,N,0,3.56,75,128,199592,6384150,CURR,ARCX.PILLAR
2026-05-18 13:31:37.531203231+00:00,2026-05-18 13:31:37.530991290+00:00,0,43,19474,T,N,0,3.56,25,128,199571,6390187,CURR,ARCX.PILLAR
2026-05-18 13:33:09.095036721+00:00,2026-05-18 13:33:09.094821563+00:00,0,43,19474,T,A,0,3.5,37,0,199835,6697386,CURR,ARCX.PILLAR
2026-05-18 13:33:09.095046147+00:00,2026-05-18 13:33:09.094830303+00:00,0,43,19474,T,A,0,3.5,63,0,199857,6697387,CURR,ARCX.PILLAR
2026-05-18 13:33:09.098463176+00:00,2026-05-18 13:33:09.098251983+00:00,0,43,19474,T,A,0,3.5,29,0,199946,6697418,CURR,ARCX.PILLAR
2026-05-18 13:36:03.307467437+00:00,2026-05-18 13:36:03.307257264+00:00,0,43,19474,T,N,0,3.42,600,128,199715,7293214,CURR,ARCX.PILLAR
2026-05-18 13:36:03.307630155+00:00,2026-05-18 13:36:03.307420563+00:00,0,43,19474,T,N,0,3.42,25,128,199590,7293215,CURR,ARCX.PILLAR
2026-05-18 13:36:03.307710552+00:00,2026-05-18 13:36:03.307501835+00:00,0,43,19474,T,N,0,3.42,25,128,199635,7293216,CURR,ARCX.PILLAR
2026-05-18 13:38:42.202213488+00:00,2026-05-18 13:38:42.202003635+00:00,0,43,19474,T,N,0,3.44,100,128,199737,7867337,CURR,ARCX.PILLAR
2026-05-18 13:39:47.814426658+00:00,2026-05-18 13:39:47.814211907+00:00,0,43,19474,T,A,0,3.41,100,0,199454,8102175,CURR,ARCX.PILLAR
2026-05-18 13:40:20.674163606+00:00,2026-05-18 13:40:20.673950669+00:00,0,43,19474,T,N,0,3.33,110,128,199510,8243491,CURR,ARCX.PILLAR
2026-05-18 13:40:20.677850464+00:00,2026-05-18 13:40:20.677631019+00:00,0,43,19474,T,N,0,3.33,90,0,199696,8243503,CURR,ARCX.PILLAR
2026-05-18 13:40:20.677850464+00:00,2026-05-18 13:40:20.677631019+00:00,0,43,19474,T,N,0,3.33,100,0,199696,8243504,CURR,ARCX.PILLAR
2026-05-18 13:40:20.677850464+00:00,2026-05-18 13:40:20.677631019+00:00,0,43,19474,T,B,0,3.34,410,0,199696,8243505,CURR,ARCX.PILLAR
2026-05-18 13:40:20.678110607+00:00,2026-05-18 13:40:20.677898154+00:00,0,43,19474,T,B,0,3.34,190,0,199909,8243506,CURR,ARCX.PILLAR
2026-05-18 13:40:20.678119662+00:00,2026-05-18 13:40:20.677899059+00:00,0,43,19474,T,N,0,3.34,200,0,199544,8243507,CURR,ARCX.PILLAR
2026-05-18 13:40:20.678119662+00:00,2026-05-18 13:40:20.677899059+00:00,0,43,19474,T,N,0,3.34,100,128,199544,8243508,CURR,ARCX.PILLAR
2026-05-18 13:44:21.726228973+00:00,2026-05-18 13:44:21.726015607+00:00,0,43,19474,T,A,0,3.32,160,0,199590,9221546,CURR,ARCX.PILLAR
2026-05-18 13:45:12.592958896+00:00,2026-05-18 13:45:12.592744439+00:00,0,43,19474,T,N,0,3.27,100,0,199513,9422312,CURR,ARCX.PILLAR
2026-05-18 13:45:12.592958896+00:00,2026-05-18 13:45:12.592744439+00:00,0,43,19474,T,N,0,3.27,200,128,199513,9422313,CURR,ARCX.PILLAR
2026-05-18 13:48:56.439366830+00:00,2026-05-18 13:48:56.439147652+00:00,0,43,19474,T,N,0,3.15,100,0,199827,10390144,CURR,ARCX.PILLAR
2026-05-18 13:48:56.439366830+00:00,2026-05-18 13:48:56.439147652+00:00,0,43,19474,T,A,0,3.14,100,0,199827,10390145,CURR,ARCX.PILLAR
2026-05-18 13:48:56.439374149+00:00,2026-05-18 13:48:56.439148111+00:00,0,43,19474,T,N,0,3.14,200,128,199771,10390146,CURR,ARCX.PILLAR
2026-05-18 13:49:16.497124557+00:00,2026-05-18 13:49:16.496911260+00:00,0,43,19474,T,N,0,3.16,110,0,199690,10473574,CURR,ARCX.PILLAR
2026-05-18 13:49:16.497124557+00:00,2026-05-18 13:49:16.496911260+00:00,0,43,19474,T,N,0,3.15,90,128,199690,10473575,CURR,ARCX.PILLAR
2026-05-18 13:56:31.432819691+00:00,2026-05-18 13:56:31.432606479+00:00,0,43,19474,T,N,0,3.2,25,128,199335,11867122,CURR,ARCX.PILLAR
2026-05-18 13:56:31.432840496+00:00,2026-05-18 13:56:31.432630335+00:00,0,43,19474,T,N,0,3.2,75,128,199776,11867123,CURR,ARCX.PILLAR
2026-05-18 13:56:45.049461036+00:00,2026-05-18 13:56:45.049240090+00:00,0,43,19474,T,A,0,3.15,1,0,199626,11915707,CURR,ARCX.PILLAR
2026-05-18 13:56:45.049473044+00:00,2026-05-18 13:56:45.049243267+00:00,0,43,19474,T,A,0,3.14,1,0,199618,11915708,CURR,ARCX.PILLAR
2026-05-18 13:56:45.049733097+00:00,2026-05-18 13:56:45.049522823+00:00,0,43,19474,T,A,0,3.13,83,0,199812,11915727,CURR,ARCX.PILLAR
2026-05-18 13:56:45.051670080+00:00,2026-05-18 13:56:45.051459019+00:00,0,43,19474,T,A,0,3.14,26,0,199614,11915758,CURR,ARCX.PILLAR
2026-05-18 13:56:45.052212853+00:00,2026-05-18 13:56:45.052002217+00:00,0,43,19474,T,A,0,3.13,688,0,199674,11915764,CURR,ARCX.PILLAR
2026-05-18 13:56:45.052222605+00:00,2026-05-18 13:56:45.052008176+00:00,0,43,19474,T,A,0,3.13,100,0,199648,11915765,CURR,ARCX.PILLAR
2026-05-18 13:56:45.052242498+00:00,2026-05-18 13:56:45.052031058+00:00,0,43,19474,T,A,0,3.13,529,0,199634,11915768,CURR,ARCX.PILLAR
2026-05-18 13:56:45.052249048+00:00,2026-05-18 13:56:45.052031349+00:00,0,43,19474,T,A,0,3.13,329,0,199849,11915769,CURR,ARCX.PILLAR
2026-05-18 13:56:45.052253361+00:00,2026-05-18 13:56:45.052037688+00:00,0,43,19474,T,A,0,3.13,171,0,199721,11915770,CURR,ARCX.PILLAR
2026-05-18 13:56:45.052313161+00:00,2026-05-18 13:56:45.052102827+00:00,0,43,19474,T,A,0,3.13,50,0,199773,11915772,CURR,ARCX.PILLAR
2026-05-18 13:56:45.052323630+00:00,2026-05-18 13:56:45.052108448+00:00,0,43,19474,T,A,0,3.13,50,0,199773,11915773,CURR,ARCX.PILLAR
2026-05-18 13:56:45.052341133+00:00,2026-05-18 13:56:45.052119364+00:00,0,43,19474,T,A,0,3.13,100,0,199944,11915774,CURR,ARCX.PILLAR
2026-05-18 13:56:45.052351603+00:00,2026-05-18 13:56:45.052119651+00:00,0,43,19474,T,A,0,3.13,500,0,199546,11915775,CURR,ARCX.PILLAR
2026-05-18 13:56:45.052510044+00:00,2026-05-18 13:56:45.052299836+00:00,0,43,19474,T,A,0,3.13,100,0,199564,11915778,CURR,ARCX.PILLAR
2026-05-18 13:56:45.052521754+00:00,2026-05-18 13:56:45.052310859+00:00,0,43,19474,T,A,0,3.13,50,0,199781,11915779,CURR,ARCX.PILLAR
2026-05-18 13:56:45.052662052+00:00,2026-05-18 13:56:45.052452191+00:00,0,43,19474,T,A,0,3.13,50,0,199547,11915781,CURR,ARCX.PILLAR
2026-05-18 13:57:36.901505406+00:00,2026-05-18 13:57:36.901294667+00:00,0,43,19474,T,N,0,3.045,110,128,199593,12079717,CURR,ARCX.PILLAR
2026-05-18 13:57:51.790296483+00:00,2026-05-18 13:57:51.790077178+00:00,0,43,19474,T,N,0,3.02,110,0,199610,12128142,CURR,ARCX.PILLAR
2026-05-18 13:57:51.790348819+00:00,2026-05-18 13:57:51.790138635+00:00,0,43,19474,T,B,0,3.02,140,0,199644,12128144,CURR,ARCX.PILLAR
2026-05-18 13:58:09.234226630+00:00,2026-05-18 13:58:09.234015240+00:00,0,43,19474,T,N,0,3.02,100,128,199606,12177085,CURR,ARCX.PILLAR
2026-05-18 13:58:23.510970354+00:00,2026-05-18 13:58:23.510757491+00:00,0,43,19474,T,B,0,3.03,1000,0,199550,12233324,CURR,ARCX.PILLAR
2026-05-18 13:59:53.144654575+00:00,2026-05-18 13:59:53.144440531+00:00,0,43,19474,T,A,0,3.0,100,0,199752,12520546,CURR,ARCX.PILLAR
2026-05-18 14:00:30.152601664+00:00,2026-05-18 14:00:30.152377254+00:00,0,43,19474,T,A,0,3.0,1,0,199651,12668662,CURR,ARCX.PILLAR
2026-05-18 14:00:50.950379809+00:00,2026-05-18 14:00:50.950157904+00:00,0,43,19474,T,N,0,2.96,100,0,199685,12733707,CURR,ARCX.PILLAR
2026-05-18 14:00:50.950379809+00:00,2026-05-18 14:00:50.950157904+00:00,0,43,19474,T,N,0,2.96,100,0,199685,12733708,CURR,ARCX.PILLAR
2026-05-18 14:00:50.950379809+00:00,2026-05-18 14:00:50.950157904+00:00,0,43,19474,T,N,0,2.96,100,128,199685,12733709,CURR,ARCX.PILLAR
2026-05-18 14:00:50.963076293+00:00,2026-05-18 14:00:50.962862350+00:00,0,43,19474,T,N,0,2.96,100,0,199460,12733737,CURR,ARCX.PILLAR
2026-05-18 14:00:50.963076293+00:00,2026-05-18 14:00:50.962862350+00:00,0,43,19474,T,N,0,2.96,110,128,199460,12733738,CURR,ARCX.PILLAR
2026-05-18 14:02:20.249724599+00:00,2026-05-18 14:02:20.249509021+00:00,0,43,19474,T,B,0,3.03,1000,0,199854,12988010,CURR,ARCX.PILLAR
2026-05-18 14:02:20.249734495+00:00,2026-05-18 14:02:20.249509349+00:00,0,43,19474,T,B,0,3.03,100,0,199725,12988011,CURR,ARCX.PILLAR
2026-05-18 14:02:20.249743474+00:00,2026-05-18 14:02:20.249509994+00:00,0,43,19474,T,B,0,3.03,200,0,200027,12988012,CURR,ARCX.PILLAR
2026-05-18 14:02:20.249743474+00:00,2026-05-18 14:02:20.249511335+00:00,0,43,19474,T,B,0,3.03,350,0,200027,12988013,CURR,ARCX.PILLAR
2026-05-18 14:02:20.249750794+00:00,2026-05-18 14:02:20.249518299+00:00,0,43,19474,T,B,0,3.03,150,0,199697,12988015,CURR,ARCX.PILLAR
2026-05-18 14:02:20.249794074+00:00,2026-05-18 14:02:20.249581838+00:00,0,43,19474,T,B,0,3.03,100,0,199642,12988022,CURR,ARCX.PILLAR
2026-05-18 14:02:20.249876059+00:00,2026-05-18 14:02:20.249650494+00:00,0,43,19474,T,B,0,3.03,21,0,199713,12988029,CURR,ARCX.PILLAR
2026-05-18 14:02:20.249897103+00:00,2026-05-18 14:02:20.249683123+00:00,0,43,19474,T,B,0,3.03,79,0,199646,12988034,CURR,ARCX.PILLAR
2026-05-18 14:02:20.249903296+00:00,2026-05-18 14:02:20.249683417+00:00,0,43,19474,T,B,0,3.03,100,0,199711,12988035,CURR,ARCX.PILLAR
2026-05-18 14:02:20.249911525+00:00,2026-05-18 14:02:20.249683881+00:00,0,43,19474,T,N,0,3.03,900,128,199767,12988036,CURR,ARCX.PILLAR
2026-05-18 14:04:58.844878984+00:00,2026-05-18 14:04:58.844663813+00:00,0,43,19474,T,B,0,3.08,9,0,199632,13451941,CURR,ARCX.PILLAR
2026-05-18 14:04:58.844907031+00:00,2026-05-18 14:04:58.844686724+00:00,0,43,19474,T,N,0,3.08,9,128,199701,13451942,CURR,ARCX.PILLAR
2026-05-18 14:04:58.844915477+00:00,2026-05-18 14:04:58.844687739+00:00,0,43,19474,T,N,0,3.08,55,0,199516,13451943,CURR,ARCX.PILLAR
2026-05-18 14:04:58.844915477+00:00,2026-05-18 14:04:58.844687739+00:00,0,43,19474,T,B,0,3.09,125,0,199516,13451944,CURR,ARCX.PILLAR
2026-05-18 14:04:58.845585881+00:00,2026-05-18 14:04:58.845374959+00:00,0,43,19474,T,B,0,3.09,55,0,199427,13451964,CURR,ARCX.PILLAR
2026-05-18 14:04:58.845629576+00:00,2026-05-18 14:04:58.845419389+00:00,0,43,19474,T,N,0,3.09,55,128,199744,13451965,CURR,ARCX.PILLAR
2026-05-18 14:04:58.846001207+00:00,2026-05-18 14:04:58.845790661+00:00,0,43,19474,T,N,0,3.09,9,128,199547,13451978,CURR,ARCX.PILLAR
2026-05-18 14:06:14.010279768+00:00,2026-05-18 14:06:14.010054888+00:00,0,43,19474,T,A,0,3.09,1,0,199699,13784663,CURR,ARCX.PILLAR
2026-05-18 14:10:35.407279105+00:00,2026-05-18 14:10:35.407062379+00:00,0,43,19474,T,B,0,3.13,24,0,199684,14649182,CURR,ARCX.PILLAR
2026-05-18 14:10:35.407439073+00:00,2026-05-18 14:10:35.407222750+00:00,0,43,19474,T,B,0,3.14,18,0,199584,14649201,CURR,ARCX.PILLAR
2026-05-18 14:10:35.407548255+00:00,2026-05-18 14:10:35.407332876+00:00,0,43,19474,T,B,0,3.15,9,0,199827,14649215,CURR,ARCX.PILLAR
2026-05-18 14:10:35.407720597+00:00,2026-05-18 14:10:35.407503136+00:00,0,43,19474,T,B,0,3.15,72,0,199547,14649231,CURR,ARCX.PILLAR
2026-05-18 14:10:35.407743798+00:00,2026-05-18 14:10:35.407533031+00:00,0,43,19474,T,B,0,3.15,100,0,199664,14649233,CURR,ARCX.PILLAR
2026-05-18 14:10:35.407938248+00:00,2026-05-18 14:10:35.407727343+00:00,0,43,19474,T,B,0,3.15,28,0,199491,14649249,CURR,ARCX.PILLAR
2026-05-18 14:10:38.407778552+00:00,2026-05-18 14:10:38.407563073+00:00,0,43,19474,T,B,0,3.16,18,0,199511,14660483,CURR,ARCX.PILLAR
2026-05-18 14:10:38.454433869+00:00,2026-05-18 14:10:38.454220339+00:00,0,43,19474,T,B,0,3.17,18,0,199658,14660561,CURR,ARCX.PILLAR
2026-05-18 14:10:38.455001830+00:00,2026-05-18 14:10:38.454788978+00:00,0,43,19474,T,B,0,3.18,17,0,199503,14660578,CURR,ARCX.PILLAR
2026-05-18 14:15:47.411217912+00:00,2026-05-18 14:15:47.410990857+00:00,0,43,19474,T,A,0,3.15,100,0,199595,15570396,CURR,ARCX.PILLAR
2026-05-18 14:15:47.412578122+00:00,2026-05-18 14:15:47.412369381+00:00,0,43,19474,T,N,0,3.15,33,128,199676,15570421,CURR,ARCX.PILLAR
2026-05-18 14:15:47.663681657+00:00,2026-05-18 14:15:47.663467380+00:00,0,43,19474,T,A,0,3.13,100,0,199580,15570744,CURR,ARCX.PILLAR
2026-05-18 14:15:47.663734378+00:00,2026-05-18 14:15:47.663523735+00:00,0,43,19474,T,A,0,3.13,100,0,199651,15570745,CURR,ARCX.PILLAR
2026-05-18 14:29:53.548131341+00:00,2026-05-18 14:29:53.547920258+00:00,0,43,19474,T,A,0,3.02,1,0,199766,17739722,CURR,ARCX.PILLAR
2026-05-18 14:31:43.462695556+00:00,2026-05-18 14:31:43.462477357+00:00,0,43,19474,T,B,0,3.05,600,0,199447,18037826,CURR,ARCX.PILLAR
2026-05-18 14:31:43.462789528+00:00,2026-05-18 14:31:43.462579399+00:00,0,43,19474,T,N,0,3.05,25,128,199435,18037834,CURR,ARCX.PILLAR
2026-05-18 14:31:53.050333635+00:00,2026-05-18 14:31:53.050121400+00:00,0,43,19474,T,N,0,3.05,25,128,199807,18057241,CURR,ARCX.PILLAR
2026-05-18 14:31:53.050401893+00:00,2026-05-18 14:31:53.050193302+00:00,0,43,19474,T,N,0,3.05,25,128,199555,18057242,CURR,ARCX.PILLAR
2026-05-18 14:31:53.050462499+00:00,2026-05-18 14:31:53.050253487+00:00,0,43,19474,T,N,0,3.05,25,128,199753,18057243,CURR,ARCX.PILLAR
2026-05-18 14:31:53.050523574+00:00,2026-05-18 14:31:53.050310187+00:00,0,43,19474,T,N,0,3.05,9,0,199579,18057244,CURR,ARCX.PILLAR
2026-05-18 14:31:53.050523574+00:00,2026-05-18 14:31:53.050310187+00:00,0,43,19474,T,N,0,3.05,16,128,199579,18057245,CURR,ARCX.PILLAR
2026-05-18 14:31:53.050580252+00:00,2026-05-18 14:31:53.050372344+00:00,0,43,19474,T,N,0,3.05,25,128,199487,18057246,CURR,ARCX.PILLAR
2026-05-18 14:31:53.050636790+00:00,2026-05-18 14:31:53.050425992+00:00,0,43,19474,T,N,0,3.05,25,128,199580,18057247,CURR,ARCX.PILLAR
2026-05-18 14:31:53.050690440+00:00,2026-05-18 14:31:53.050482308+00:00,0,43,19474,T,N,0,3.05,25,128,199699,18057248,CURR,ARCX.PILLAR
2026-05-18 14:32:23.047102588+00:00,2026-05-18 14:32:23.046886969+00:00,0,43,19474,T,N,0,3.06,25,128,199557,18144356,CURR,ARCX.PILLAR
2026-05-18 14:34:14.328553949+00:00,2026-05-18 14:34:14.328338512+00:00,0,43,19474,T,N,0,3.06,100,128,199661,18499609,CURR,ARCX.PILLAR
2026-05-18 14:34:14.330792121+00:00,2026-05-18 14:34:14.330583902+00:00,0,43,19474,T,N,0,3.055,25,128,199851,18499610,CURR,ARCX.PILLAR
2026-05-18 14:34:14.330860910+00:00,2026-05-18 14:34:14.330651432+00:00,0,43,19474,T,N,0,3.055,25,128,199562,18499611,CURR,ARCX.PILLAR
2026-05-18 14:34:14.330920492+00:00,2026-05-18 14:34:14.330711156+00:00,0,43,19474,T,N,0,3.055,25,128,199561,18499613,CURR,ARCX.PILLAR
2026-05-18 14:34:14.330981812+00:00,2026-05-18 14:34:14.330772290+00:00,0,43,19474,T,N,0,3.055,25,128,199689,18499615,CURR,ARCX.PILLAR
2026-05-18 14:52:03.449123315+00:00,2026-05-18 14:52:03.448912117+00:00,0,43,19474,T,N,0,3.07,25,128,199531,21505680,CURR,ARCX.PILLAR
2026-05-18 14:52:03.449197149+00:00,2026-05-18 14:52:03.448988874+00:00,0,43,19474,T,N,0,3.07,25,128,199399,21505681,CURR,ARCX.PILLAR
2026-05-18 14:52:03.449254069+00:00,2026-05-18 14:52:03.449046159+00:00,0,43,19474,T,N,0,3.07,25,128,199477,21505682,CURR,ARCX.PILLAR
2026-05-18 14:52:03.449312584+00:00,2026-05-18 14:52:03.449102499+00:00,0,43,19474,T,N,0,3.07,25,128,199367,21505683,CURR,ARCX.PILLAR
2026-05-18 14:52:03.451251232+00:00,2026-05-18 14:52:03.451041893+00:00,0,43,19474,T,N,0,3.07,25,128,199490,21505691,CURR,ARCX.PILLAR
2026-05-18 14:52:03.451465563+00:00,2026-05-18 14:52:03.451256961+00:00,0,43,19474,T,N,0,3.07,25,128,199385,21505692,CURR,ARCX.PILLAR
2026-05-18 14:52:03.451531571+00:00,2026-05-18 14:52:03.451322641+00:00,0,43,19474,T,N,0,3.07,25,128,199601,21505693,CURR,ARCX.PILLAR
2026-05-18 14:52:03.451603183+00:00,2026-05-18 14:52:03.451394909+00:00,0,43,19474,T,N,0,3.07,25,128,199387,21505694,CURR,ARCX.PILLAR
2026-05-18 14:57:59.603914092+00:00,2026-05-18 14:57:59.603702593+00:00,0,43,19474,T,N,0,3.05,700,128,199470,22348047,CURR,ARCX.PILLAR
2026-05-18 14:57:59.604029095+00:00,2026-05-18 14:57:59.603819776+00:00,0,43,19474,T,N,0,3.05,100,128,199416,22348048,CURR,ARCX.PILLAR
2026-05-18 15:04:38.881557817+00:00,2026-05-18 15:04:38.881345298+00:00,0,43,19474,T,N,0,3.07,25,128,199666,23682227,CURR,ARCX.PILLAR
2026-05-18 15:04:38.882150161+00:00,2026-05-18 15:04:38.881941736+00:00,0,43,19474,T,N,0,3.07,25,128,199662,23682228,CURR,ARCX.PILLAR
2026-05-18 15:04:39.400396406+00:00,2026-05-18 15:04:39.400184014+00:00,0,43,19474,T,N,0,3.07,25,128,199518,23683066,CURR,ARCX.PILLAR
2026-05-18 15:04:39.400547331+00:00,2026-05-18 15:04:39.400335891+00:00,0,43,19474,T,N,0,3.075,25,128,199556,23683069,CURR,ARCX.PILLAR
2026-05-18 15:04:39.400606259+00:00,2026-05-18 15:04:39.400395988+00:00,0,43,19474,T,N,0,3.075,25,128,199485,23683070,CURR,ARCX.PILLAR
2026-05-18 15:04:39.400660892+00:00,2026-05-18 15:04:39.400452509+00:00,0,43,19474,T,N,0,3.075,25,128,199474,23683071,CURR,ARCX.PILLAR
2026-05-18 15:04:39.409050931+00:00,2026-05-18 15:04:39.408842149+00:00,0,43,19474,T,N,0,3.075,25,128,199435,23683099,CURR,ARCX.PILLAR
2026-05-18 15:04:39.409111987+00:00,2026-05-18 15:04:39.408903415+00:00,0,43,19474,T,N,0,3.075,25,128,199512,23683100,CURR,ARCX.PILLAR
2026-05-18 15:04:39.409172079+00:00,2026-05-18 15:04:39.408962902+00:00,0,43,19474,T,N,0,3.075,25,128,199618,23683103,CURR,ARCX.PILLAR
2026-05-18 15:04:39.409252832+00:00,2026-05-18 15:04:39.409044670+00:00,0,43,19474,T,N,0,3.075,25,128,199559,23683104,CURR,ARCX.PILLAR
2026-05-18 15:04:41.551168216+00:00,2026-05-18 15:04:41.550956433+00:00,0,43,19474,T,N,0,3.08,25,128,199763,23691612,CURR,ARCX.PILLAR
2026-05-18 15:08:56.786608286+00:00,2026-05-18 15:08:56.786385770+00:00,0,43,19474,T,B,0,3.09,200,0,199568,24320275,CURR,ARCX.PILLAR
2026-05-18 15:08:56.786617732+00:00,2026-05-18 15:08:56.786386324+00:00,0,43,19474,T,B,0,3.09,24,0,199620,24320276,CURR,ARCX.PILLAR
2026-05-18 15:08:56.786617732+00:00,2026-05-18 15:08:56.786386835+00:00,0,43,19474,T,B,0,3.09,24,0,199620,24320277,CURR,ARCX.PILLAR
2026-05-18 15:08:56.786624223+00:00,2026-05-18 15:08:56.786388306+00:00,0,43,19474,T,B,0,3.09,100,0,199627,24320278,CURR,ARCX.PILLAR
2026-05-18 15:08:56.786631893+00:00,2026-05-18 15:08:56.786388594+00:00,0,43,19474,T,B,0,3.09,24,0,199504,24320279,CURR,ARCX.PILLAR
2026-05-18 15:08:56.786644085+00:00,2026-05-18 15:08:56.786390462+00:00,0,43,19474,T,N,0,3.09,39,0,199716,24320280,CURR,ARCX.PILLAR
2026-05-18 15:08:56.786644085+00:00,2026-05-18 15:08:56.786390462+00:00,0,43,19474,T,N,0,3.09,69,128,199716,24320281,CURR,ARCX.PILLAR
2026-05-18 15:08:56.786650509+00:00,2026-05-18 15:08:56.786421444+00:00,0,43,19474,T,N,0,3.09,59,0,199788,24320283,CURR,ARCX.PILLAR
2026-05-18 15:08:56.786650509+00:00,2026-05-18 15:08:56.786421444+00:00,0,43,19474,T,N,0,3.09,32,128,199788,24320284,CURR,ARCX.PILLAR
2026-05-18 15:08:56.796335900+00:00,2026-05-18 15:08:56.796125959+00:00,0,43,19474,T,N,0,3.1,25,128,199506,24320353,CURR,ARCX.PILLAR
2026-05-18 15:08:56.796395737+00:00,2026-05-18 15:08:56.796187326+00:00,0,43,19474,T,N,0,3.1,25,128,199629,24320354,CURR,ARCX.PILLAR
2026-05-18 15:17:38.191092984+00:00,2026-05-18 15:17:38.190879985+00:00,0,43,19474,T,N,0,3.07,100,128,199446,25514959,CURR,ARCX.PILLAR
2026-05-18 15:19:15.027984396+00:00,2026-05-18 15:19:15.027772441+00:00,0,43,19474,T,N,0,3.07,25,128,199546,25698893,CURR,ARCX.PILLAR
2026-05-18 15:19:15.028053132+00:00,2026-05-18 15:19:15.027844288+00:00,0,43,19474,T,N,0,3.07,25,128,199410,25698894,CURR,ARCX.PILLAR
2026-05-18 15:19:15.028266350+00:00,2026-05-18 15:19:15.028054492+00:00,0,43,19474,T,B,0,3.07,500,0,199401,25698897,CURR,ARCX.PILLAR
2026-05-18 15:19:15.028509268+00:00,2026-05-18 15:19:15.028296457+00:00,0,43,19474,T,N,0,3.07,110,128,199573,25698907,CURR,ARCX.PILLAR
2026-05-18 15:19:15.128579949+00:00,2026-05-18 15:19:15.128362093+00:00,0,43,19474,T,A,0,3.06,500,0,199323,25699366,CURR,ARCX.PILLAR
2026-05-18 15:19:15.164622086+00:00,2026-05-18 15:19:15.164407982+00:00,0,43,19474,T,A,0,3.04,100,0,199328,25699439,CURR,ARCX.PILLAR
2026-05-18 15:19:15.201396378+00:00,2026-05-18 15:19:15.201180014+00:00,0,43,19474,T,A,0,3.03,600,0,199679,25699527,CURR,ARCX.PILLAR
2026-05-18 15:19:16.653462769+00:00,2026-05-18 15:19:16.653250156+00:00,0,43,19474,T,A,0,2.99,100,0,199529,25704964,CURR,ARCX.PILLAR
2026-05-18 15:19:16.653617204+00:00,2026-05-18 15:19:16.653406002+00:00,0,43,19474,T,N,0,2.99,100,128,199613,25704966,CURR,ARCX.PILLAR
2026-05-18 15:19:17.271377825+00:00,2026-05-18 15:19:17.271165889+00:00,0,43,19474,T,N,0,2.98,100,128,199729,25706837,CURR,ARCX.PILLAR
2026-05-18 15:19:17.271394091+00:00,2026-05-18 15:19:17.271183815+00:00,0,43,19474,T,N,0,2.98,50,128,199358,25706838,CURR,ARCX.PILLAR
2026-05-18 15:19:17.271401823+00:00,2026-05-18 15:19:17.271191466+00:00,0,43,19474,T,N,0,2.98,110,128,199415,25706839,CURR,ARCX.PILLAR
2026-05-18 15:19:17.271433600+00:00,2026-05-18 15:19:17.271223496+00:00,0,43,19474,T,N,0,2.98,100,128,199521,25706840,CURR,ARCX.PILLAR
2026-05-18 15:19:17.283059744+00:00,2026-05-18 15:19:17.282843667+00:00,0,43,19474,T,B,0,2.99,100,0,199590,25706853,CURR,ARCX.PILLAR
2026-05-18 15:19:17.283069558+00:00,2026-05-18 15:19:17.282844006+00:00,0,43,19474,T,B,0,2.99,25,0,199601,25706854,CURR,ARCX.PILLAR
2026-05-18 15:19:17.283069558+00:00,2026-05-18 15:19:17.282844362+00:00,0,43,19474,T,B,0,2.99,50,0,199601,25706855,CURR,ARCX.PILLAR
2026-05-18 15:19:17.671480584+00:00,2026-05-18 15:19:17.671266958+00:00,0,43,19474,T,N,0,2.99,25,128,199549,25709466,CURR,ARCX.PILLAR
2026-05-18 15:19:17.671488375+00:00,2026-05-18 15:19:17.671276957+00:00,0,43,19474,T,N,0,2.99,208,128,199371,25709467,CURR,ARCX.PILLAR
2026-05-18 15:19:18.456049590+00:00,2026-05-18 15:19:18.455836335+00:00,0,43,19474,T,B,0,3.0,36,0,199465,25710824,CURR,ARCX.PILLAR
2026-05-18 15:20:56.518794927+00:00,2026-05-18 15:20:56.518583268+00:00,0,43,19474,T,N,0,3.03,25,128,199708,25963154,CURR,ARCX.PILLAR
2026-05-18 15:20:56.518876031+00:00,2026-05-18 15:20:56.518662531+00:00,0,43,19474,T,N,0,3.03,25,128,199671,25963155,CURR,ARCX.PILLAR
2026-05-18 15:20:58.500376518+00:00,2026-05-18 15:20:58.500157502+00:00,0,43,19474,T,B,0,3.04,54,0,199768,25966171,CURR,ARCX.PILLAR
2026-05-18 15:20:58.500384036+00:00,2026-05-18 15:20:58.500157856+00:00,0,43,19474,T,B,0,3.04,100,0,199840,25966172,CURR,ARCX.PILLAR
2026-05-18 15:20:58.500389352+00:00,2026-05-18 15:20:58.500158214+00:00,0,43,19474,T,B,0,3.04,600,0,199858,25966173,CURR,ARCX.PILLAR
2026-05-18 15:20:58.500393724+00:00,2026-05-18 15:20:58.500159182+00:00,0,43,19474,T,B,0,3.04,25,0,199873,25966174,CURR,ARCX.PILLAR
2026-05-18 15:22:15.425430888+00:00,2026-05-18 15:22:15.425218468+00:00,0,43,19474,T,N,0,3.08,25,128,199715,26138799,CURR,ARCX.PILLAR
2026-05-18 15:40:54.480040606+00:00,2026-05-18 15:40:54.479830278+00:00,0,43,19474,T,N,0,3.06,25,128,199718,28170119,CURR,ARCX.PILLAR
2026-05-18 15:52:59.501241284+00:00,2026-05-18 15:52:59.501022433+00:00,0,43,19474,T,A,0,3.07,5,0,199423,29269680,CURR,ARCX.PILLAR
2026-05-18 15:53:04.501251522+00:00,2026-05-18 15:53:04.501035071+00:00,0,43,19474,T,A,0,3.06,100,0,199735,29276177,CURR,ARCX.PILLAR
2026-05-18 15:53:04.501260840+00:00,2026-05-18 15:53:04.501035448+00:00,0,43,19474,T,A,0,3.06,100,0,199565,29276178,CURR,ARCX.PILLAR
2026-05-18 15:53:32.116762315+00:00,2026-05-18 15:53:32.116545648+00:00,0,43,19474,T,A,0,3.05,100,0,199553,29317047,CURR,ARCX.PILLAR
2026-05-18 15:53:32.117125341+00:00,2026-05-18 15:53:32.116916443+00:00,0,43,19474,T,N,0,3.06,110,128,199452,29317060,CURR,ARCX.PILLAR
2026-05-18 15:58:07.480270716+00:00,2026-05-18 15:58:07.480059486+00:00,0,43,19474,T,N,0,3.07,87,128,199469,29705405,CURR,ARCX.PILLAR
2026-05-18 15:58:20.478116825+00:00,2026-05-18 15:58:20.477903932+00:00,0,43,19474,T,N,0,3.08,100,128,199591,29719959,CURR,ARCX.PILLAR
2026-05-18 16:10:52.201202774+00:00,2026-05-18 16:10:52.200987446+00:00,0,43,19474,T,A,0,3.07,13,0,199774,30728605,CURR,ARCX.PILLAR
2026-05-18 16:12:52.773091663+00:00,2026-05-18 16:12:52.772880447+00:00,0,43,19474,T,N,0,3.1,9,128,199560,30910273,CURR,ARCX.PILLAR
2026-05-18 16:14:59.938489213+00:00,2026-05-18 16:14:59.938273357+00:00,0,43,19474,T,N,0,3.1,1,128,199782,31054658,CURR,ARCX.PILLAR
2026-05-18 16:17:19.577818189+00:00,2026-05-18 16:17:19.577603575+00:00,0,43,19474,T,A,0,3.07,13,0,199807,31243253,CURR,ARCX.PILLAR
2026-05-18 16:18:55.935026155+00:00,2026-05-18 16:18:55.934811671+00:00,0,43,19474,T,A,0,3.07,5,0,199741,31337710,CURR,ARCX.PILLAR
2026-05-18 16:29:13.471739416+00:00,2026-05-18 16:29:13.471520439+00:00,0,43,19474,T,A,0,3.07,169,0,199780,32500711,CURR,ARCX.PILLAR
2026-05-18 16:29:13.471745867+00:00,2026-05-18 16:29:13.471520788+00:00,0,43,19474,T,A,0,3.07,200,0,199857,32500712,CURR,ARCX.PILLAR
2026-05-18 16:30:15.315754933+00:00,2026-05-18 16:30:15.315543172+00:00,0,43,19474,T,N,0,3.03,25,128,199683,32634639,CURR,ARCX.PILLAR
2026-05-18 16:34:31.547052844+00:00,2026-05-18 16:34:31.546837264+00:00,0,43,19474,T,A,0,3.0,10,0,199642,33157004,CURR,ARCX.PILLAR
2026-05-18 16:39:47.023845044+00:00,2026-05-18 16:39:47.023632974+00:00,0,43,19474,T,N,0,3.01,50,128,199494,33630743,CURR,ARCX.PILLAR
2026-05-18 16:43:22.109142665+00:00,2026-05-18 16:43:22.108930347+00:00,0,43,19474,T,N,0,2.99,25,128,199338,33912391,CURR,ARCX.PILLAR
2026-05-18 16:43:22.109216831+00:00,2026-05-18 16:43:22.109008202+00:00,0,43,19474,T,N,0,2.99,25,128,199269,33912393,CURR,ARCX.PILLAR
2026-05-18 16:54:55.732839260+00:00,2026-05-18 16:54:55.732624064+00:00,0,43,19474,T,A,0,2.99,100,0,199477,34801258,CURR,ARCX.PILLAR
2026-05-18 16:55:53.721267949+00:00,2026-05-18 16:55:53.721050242+00:00,0,43,19474,T,A,0,2.98,100,0,199450,34889718,CURR,ARCX.PILLAR
2026-05-18 16:56:22.308050577+00:00,2026-05-18 16:56:22.307833061+00:00,0,43,19474,T,A,0,2.95,100,0,199686,34956511,CURR,ARCX.PILLAR
2026-05-18 16:58:54.529874228+00:00,2026-05-18 16:58:54.529657051+00:00,0,43,19474,T,A,0,2.94,2,0,199448,35164477,CURR,ARCX.PILLAR
2026-05-18 17:16:10.725860997+00:00,2026-05-18 17:16:10.725645772+00:00,0,43,19474,T,A,0,2.88,2,0,199701,36538166,CURR,ARCX.PILLAR
2026-05-18 17:16:10.725873495+00:00,2026-05-18 17:16:10.725659787+00:00,0,43,19474,T,N,0,2.88,50,128,199624,36538169,CURR,ARCX.PILLAR
2026-05-18 17:16:10.727379639+00:00,2026-05-18 17:16:10.727168486+00:00,0,43,19474,T,N,0,2.88,110,128,199813,36538185,CURR,ARCX.PILLAR
2026-05-18 17:16:11.799521621+00:00,2026-05-18 17:16:11.799307239+00:00,0,43,19474,T,N,0,2.88,100,128,199820,36539438,CURR,ARCX.PILLAR
2026-05-18 17:19:29.174073861+00:00,2026-05-18 17:19:29.173855636+00:00,0,43,19474,T,B,0,2.88,53,0,199707,36778770,CURR,ARCX.PILLAR
2026-05-18 17:26:06.791112083+00:00,2026-05-18 17:26:06.790899416+00:00,0,43,19474,T,A,0,2.88,100,0,199597,37233179,CURR,ARCX.PILLAR
2026-05-18 17:26:06.793480674+00:00,2026-05-18 17:26:06.793268924+00:00,0,43,19474,T,A,0,2.88,67,0,199598,37233189,CURR,ARCX.PILLAR
2026-05-18 17:32:01.638497211+00:00,2026-05-18 17:32:01.638282817+00:00,0,43,19474,T,B,0,2.92,120,0,199576,37644324,CURR,ARCX.PILLAR
2026-05-18 17:32:01.839157557+00:00,2026-05-18 17:32:01.838941629+00:00,0,43,19474,T,B,0,2.93,180,0,199615,37644504,CURR,ARCX.PILLAR
2026-05-18 17:32:01.839255104+00:00,2026-05-18 17:32:01.839031251+00:00,0,43,19474,T,B,0,2.94,100,0,199479,37644511,CURR,ARCX.PILLAR
2026-05-18 17:47:09.123005292+00:00,2026-05-18 17:47:09.122789261+00:00,0,43,19474,T,A,0,2.91,100,0,199576,38723867,CURR,ARCX.PILLAR
2026-05-18 17:47:09.123014585+00:00,2026-05-18 17:47:09.122789649+00:00,0,43,19474,T,A,0,2.91,100,0,199462,38723868,CURR,ARCX.PILLAR
2026-05-18 17:50:19.793655086+00:00,2026-05-18 17:50:19.793434719+00:00,0,43,19474,T,A,0,2.9,172,0,199541,38929682,CURR,ARCX.PILLAR
2026-05-18 17:50:19.794339006+00:00,2026-05-18 17:50:19.794127868+00:00,0,43,19474,T,B,0,2.88,9,0,199646,38929700,CURR,ARCX.PILLAR
2026-05-18 17:50:19.794358638+00:00,2026-05-18 17:50:19.794143511+00:00,0,43,19474,T,B,0,2.88,25,0,199687,38929702,CURR,ARCX.PILLAR
2026-05-18 17:50:19.801280152+00:00,2026-05-18 17:50:19.801067060+00:00,0,43,19474,T,B,0,2.88,66,0,199512,38929717,CURR,ARCX.PILLAR
2026-05-18 18:07:12.697421175+00:00,2026-05-18 18:07:12.697205503+00:00,0,43,19474,T,A,0,2.83,8,0,199562,40203970,CURR,ARCX.PILLAR
2026-05-18 18:15:33.807319095+00:00,2026-05-18 18:15:33.807104398+00:00,0,43,19474,T,A,0,2.82,60,0,199815,40804217,CURR,ARCX.PILLAR
2026-05-18 18:15:33.907645100+00:00,2026-05-18 18:15:33.907431402+00:00,0,43,19474,T,A,0,2.81,1500,0,199630,40804309,CURR,ARCX.PILLAR
2026-05-18 18:15:33.907654673+00:00,2026-05-18 18:15:33.907431754+00:00,0,43,19474,T,A,0,2.81,100,0,199764,40804310,CURR,ARCX.PILLAR
2026-05-18 18:15:34.443206742+00:00,2026-05-18 18:15:34.442993492+00:00,0,43,19474,T,A,0,2.8,5000,0,199438,40804792,CURR,ARCX.PILLAR
2026-05-18 18:23:57.679942598+00:00,2026-05-18 18:23:57.679727072+00:00,0,43,19474,T,A,0,2.75,20,0,199839,41521444,CURR,ARCX.PILLAR
2026-05-18 18:43:41.987201555+00:00,2026-05-18 18:43:41.986985879+00:00,0,43,19474,T,A,0,2.77,200,0,199480,43163411,CURR,ARCX.PILLAR
2026-05-18 18:44:09.742097555+00:00,2026-05-18 18:44:09.741882311+00:00,0,43,19474,T,A,0,2.77,14,0,199579,43199504,CURR,ARCX.PILLAR
2026-05-18 18:44:09.742145818+00:00,2026-05-18 18:44:09.741935572+00:00,0,43,19474,T,A,0,2.77,28,0,199552,43199505,CURR,ARCX.PILLAR
2026-05-18 18:44:10.942821604+00:00,2026-05-18 18:44:10.942607706+00:00,0,43,19474,T,A,0,2.75,100,0,199543,43200785,CURR,ARCX.PILLAR
2026-05-18 18:44:10.944667782+00:00,2026-05-18 18:44:10.944456531+00:00,0,43,19474,T,A,0,2.75,53,0,199509,43200812,CURR,ARCX.PILLAR
2026-05-18 18:54:51.631163136+00:00,2026-05-18 18:54:51.630948767+00:00,0,43,19474,T,B,0,2.73,8,0,199533,44056150,CURR,ARCX.PILLAR
2026-05-18 19:02:19.163870389+00:00,2026-05-18 19:02:19.163642920+00:00,0,43,19474,T,N,0,2.77,100,128,199756,45235211,CURR,ARCX.PILLAR
2026-05-18 19:02:19.163904952+00:00,2026-05-18 19:02:19.163684625+00:00,0,43,19474,T,N,0,2.77,10,0,199613,45235215,CURR,ARCX.PILLAR
2026-05-18 19:02:19.163904952+00:00,2026-05-18 19:02:19.163684625+00:00,0,43,19474,T,N,0,2.79,15,128,199613,45235216,CURR,ARCX.PILLAR
2026-05-18 19:03:49.913005452+00:00,2026-05-18 19:03:49.912788690+00:00,0,43,19474,T,A,0,2.76,100,0,199856,45730897,CURR,ARCX.PILLAR
2026-05-18 19:03:49.913085616+00:00,2026-05-18 19:03:49.912862441+00:00,0,43,19474,T,A,0,2.76,100,0,199715,45730904,CURR,ARCX.PILLAR
2026-05-18 19:03:50.118750382+00:00,2026-05-18 19:03:50.118535387+00:00,0,43,19474,T,A,0,2.76,100,0,199836,45733770,CURR,ARCX.PILLAR
2026-05-18 19:20:29.758027929+00:00,2026-05-18 19:20:29.757809772+00:00,0,43,19474,T,N,0,2.74,100,128,199541,47913825,CURR,ARCX.PILLAR
2026-05-18 19:22:57.033921433+00:00,2026-05-18 19:22:57.033706604+00:00,0,43,19474,T,A,0,2.73,13,0,199546,48128561,CURR,ARCX.PILLAR
2026-05-18 19:23:58.131687217+00:00,2026-05-18 19:23:58.131474331+00:00,0,43,19474,T,A,0,2.73,6,0,199761,48227463,CURR,ARCX.PILLAR
2026-05-18 19:26:27.339892644+00:00,2026-05-18 19:26:27.339679194+00:00,0,43,19474,T,N,0,2.74,25,128,199578,48487007,CURR,ARCX.PILLAR
2026-05-18 19:26:27.340189612+00:00,2026-05-18 19:26:27.339980216+00:00,0,43,19474,T,N,0,2.74,25,128,199592,48487009,CURR,ARCX.PILLAR
2026-05-18 19:26:27.340290314+00:00,2026-05-18 19:26:27.340080053+00:00,0,43,19474,T,N,0,2.74,50,128,199782,48487010,CURR,ARCX.PILLAR
2026-05-18 19:30:01.165124943+00:00,2026-05-18 19:30:01.164913054+00:00,0,43,19474,T,N,0,2.74,13,128,199404,48778279,CURR,ARCX.PILLAR
2026-05-18 19:33:57.131330925+00:00,2026-05-18 19:33:57.131119311+00:00,0,43,19474,T,N,0,2.74,11,128,199524,49164916,CURR,ARCX.PILLAR
2026-05-18 19:40:23.214250721+00:00,2026-05-18 19:40:23.214040040+00:00,0,43,19474,T,N,0,2.74,13,128,199618,49821025,CURR,ARCX.PILLAR
2026-05-18 19:43:58.482348542+00:00,2026-05-18 19:43:58.482136696+00:00,0,43,19474,T,N,0,2.74,6,128,199513,50193768,CURR,ARCX.PILLAR
2026-05-18 19:46:32.561676511+00:00,2026-05-18 19:46:32.561460319+00:00,0,43,19474,T,A,0,2.73,13,0,199764,50454047,CURR,ARCX.PILLAR
2026-05-18 19:47:54.195830783+00:00,2026-05-18 19:47:54.195615030+00:00,0,43,19474,T,A,0,2.73,13,0,199475,50580430,CURR,ARCX.PILLAR
2026-05-18 19:48:54.697953058+00:00,2026-05-18 19:48:54.697740516+00:00,0,43,19474,T,A,0,2.73,17,0,199713,50681451,CURR,ARCX.PILLAR
2026-05-18 19:51:13.028601544+00:00,2026-05-18 19:51:13.028389663+00:00,0,43,19474,T,B,0,2.74,30,0,199126,51020165,CURR,ARCX.PILLAR
2026-05-18 19:56:29.176945505+00:00,2026-05-18 19:56:29.176724324+00:00,0,43,19474,T,A,0,2.72,100,0,199485,51811491,CURR,ARCX.PILLAR
2026-05-18 19:57:59.404901989+00:00,2026-05-18 19:57:59.404683716+00:00,0,43,19474,T,N,0,2.74,400,0,199654,52022216,CURR,ARCX.PILLAR
2026-05-18 19:57:59.404901989+00:00,2026-05-18 19:57:59.404683716+00:00,0,43,19474,T,N,0,2.74,113,128,199654,52022217,CURR,ARCX.PILLAR
2026-05-18 19:58:00.099631137+00:00,2026-05-18 19:58:00.099421624+00:00,0,43,19474,T,N,0,2.72,1,128,199530,52025850,CURR,ARCX.PILLAR
2026-05-18 19:59:10.042094401+00:00,2026-05-18 19:59:10.041881417+00:00,0,43,19474,T,N,0,2.75,1,128,199250,52193844,CURR,ARCX.PILLAR
2026-05-18 19:59:22.748640069+00:00,2026-05-18 19:59:22.748430254+00:00,0,43,19474,T,N,0,2.76,100,128,199615,52228123,CURR,ARCX.PILLAR
2026-05-18 19:59:45.007440453+00:00,2026-05-18 19:59:45.007226351+00:00,0,43,19474,T,N,0,2.74,1,128,199539,52303109,CURR,ARCX.PILLAR
2026-05-18 20:27:08.712356091+00:00,2026-05-18 20:27:08.712135784+00:00,0,43,19474,T,N,0,3.01,400,0,199977,52741427,CURR,ARCX.PILLAR
2026-05-18 20:27:08.712356091+00:00,2026-05-18 20:27:08.712135784+00:00,0,43,19474,T,N,0,3.01,62,0,199977,52741428,CURR,ARCX.PILLAR
2026-05-18 20:27:24.609754074+00:00,2026-05-18 20:27:24.609533166+00:00,0,43,19474,T,B,0,3.02,50,0,200118,52742098,CURR,ARCX.PILLAR
2026-05-18 20:27:58.702919440+00:00,2026-05-18 20:27:58.702698786+00:00,0,43,19474,T,A,0,3.01,21,0,199739,52743603,CURR,ARCX.PILLAR
2026-05-18 20:28:00.002061110+00:00,2026-05-18 20:28:00.001843240+00:00,0,43,19474,T,A,0,3.01,48,0,199693,52745590,CURR,ARCX.PILLAR
2026-05-18 20:28:17.587688188+00:00,2026-05-18 20:28:17.587470463+00:00,0,43,19474,T,A,0,2.95,10,0,199680,52748465,CURR,ARCX.PILLAR
2026-05-18 20:31:53.485577466+00:00,2026-05-18 20:31:53.485351671+00:00,0,43,19474,T,N,0,2.87,1,128,199843,52773391,CURR,ARCX.PILLAR
2026-05-18 20:32:13.832532732+00:00,2026-05-18 20:32:13.832311087+00:00,0,43,19474,T,N,0,2.87,18,0,199837,52778544,CURR,ARCX.PILLAR
2026-05-18 20:32:13.832532732+00:00,2026-05-18 20:32:13.832311087+00:00,0,43,19474,T,B,0,2.91,3,0,199837,52778545,CURR,ARCX.PILLAR
2026-05-18 20:33:22.860617830+00:00,2026-05-18 20:33:22.860397120+00:00,0,43,19474,T,N,0,2.73,1,0,200001,52786098,CURR,ARCX.PILLAR
2026-05-18 20:40:22.370409139+00:00,2026-05-18 20:40:22.370189740+00:00,0,43,19474,T,A,0,2.74,100,0,199959,52829037,CURR,ARCX.PILLAR
2026-05-18 22:39:30.900899558+00:00,2026-05-18 22:39:30.900682628+00:00,0,43,19474,T,A,0,2.75,10,0,199790,53503461,CURR,ARCX.PILLAR
2026-05-18 22:54:11.332038602+00:00,2026-05-18 22:54:11.331824120+00:00,0,43,19474,T,N,0,2.71,1,128,199778,53586440,CURR,ARCX.PILLAR
2026-05-18 22:54:48.582937796+00:00,2026-05-18 22:54:48.582722089+00:00,0,43,19474,T,N,0,2.71,1,128,199919,53587558,CURR,ARCX.PILLAR
2026-05-18 22:56:12.583058834+00:00,2026-05-18 22:56:12.582840437+00:00,0,43,19474,T,A,0,2.7,1,0,199783,53597449,CURR,ARCX.PILLAR
2026-05-18 13:31:31.355360706+00:00,2026-05-18 13:31:31.355325217+00:00,0,5,19474,T,N,0,3.59,100,128,35489,535521,CURR,BATS.PITCH
2026-05-18 13:31:31.355365751+00:00,2026-05-18 13:31:31.355325217+00:00,0,5,19474,T,A,0,3.58,300,0,40534,535522,CURR,BATS.PITCH
2026-05-18 13:31:31.360040483+00:00,2026-05-18 13:31:31.360010351+00:00,0,5,19474,T,N,0,3.56,140,128,30132,535585,CURR,BATS.PITCH
2026-05-18 13:31:31.364139233+00:00,2026-05-18 13:31:31.364109008+00:00,0,5,19474,T,N,0,3.56,60,128,30225,535587,CURR,BATS.PITCH
2026-05-18 13:31:31.377544648+00:00,2026-05-18 13:31:31.377511428+00:00,0,5,19474,T,N,0,3.56,100,128,33220,535598,CURR,BATS.PITCH
2026-05-18 13:31:32.368244100+00:00,2026-05-18 13:31:32.368210035+00:00,0,5,19474,T,N,0,3.55,100,128,34065,536233,CURR,BATS.PITCH
2026-05-18 13:31:35.343828700+00:00,2026-05-18 13:31:35.343795917+00:00,0,5,19474,T,N,0,3.56,100,128,32783,538166,CURR,BATS.PITCH
2026-05-18 13:31:35.600612853+00:00,2026-05-18 13:31:35.600580208+00:00,0,5,19474,T,N,0,3.56,100,128,32645,538308,CURR,BATS.PITCH
2026-05-18 13:32:32.227253517+00:00,2026-05-18 13:32:32.227215561+00:00,0,5,19474,T,A,0,3.54,200,0,37956,581741,CURR,BATS.PITCH
2026-05-18 13:32:32.227281415+00:00,2026-05-18 13:32:32.227249994+00:00,0,5,19474,T,N,0,3.54,100,128,31421,581743,CURR,BATS.PITCH
2026-05-18 13:36:03.307171788+00:00,2026-05-18 13:36:03.307138006+00:00,0,5,19474,T,N,0,3.42,600,128,33782,750038,CURR,BATS.PITCH
2026-05-18 13:36:03.307561087+00:00,2026-05-18 13:36:03.307531716+00:00,0,5,19474,T,N,0,3.42,100,128,29371,750039,CURR,BATS.PITCH
2026-05-18 13:40:20.673868375+00:00,2026-05-18 13:40:20.673834309+00:00,0,5,19474,T,N,0,3.33,100,128,34066,993145,CURR,BATS.PITCH
2026-05-18 13:40:20.673871063+00:00,2026-05-18 13:40:20.673834309+00:00,0,5,19474,T,N,0,3.33,40,128,36754,993146,CURR,BATS.PITCH
2026-05-18 13:40:20.677774232+00:00,2026-05-18 13:40:20.677739798+00:00,0,5,19474,T,N,0,3.33,60,128,34434,993147,CURR,BATS.PITCH
2026-05-18 13:40:20.677784866+00:00,2026-05-18 13:40:20.677739798+00:00,0,5,19474,T,B,0,3.34,540,0,45068,993148,CURR,BATS.PITCH
2026-05-18 13:40:20.677797640+00:00,2026-05-18 13:40:20.677768792+00:00,0,5,19474,T,B,0,3.34,160,0,28848,993151,CURR,BATS.PITCH
2026-05-18 13:40:20.677803328+00:00,2026-05-18 13:40:20.677768792+00:00,0,5,19474,T,N,0,3.34,100,128,34536,993152,CURR,BATS.PITCH
2026-05-18 13:45:12.592628392+00:00,2026-05-18 13:45:12.592589937+00:00,0,5,19474,T,N,0,3.27,100,128,38455,1296819,CURR,BATS.PITCH
2026-05-18 13:45:12.593746392+00:00,2026-05-18 13:45:12.593721615+00:00,0,5,19474,T,N,0,3.23,200,128,24777,1296841,CURR,BATS.PITCH
2026-05-18 13:48:56.439191853+00:00,2026-05-18 13:48:56.439159153+00:00,0,5,19474,T,N,0,3.14,100,128,32700,1536954,CURR,BATS.PITCH
2026-05-18 13:48:56.439212705+00:00,2026-05-18 13:48:56.439176235+00:00,0,5,19474,T,N,0,3.14,100,128,36470,1536955,CURR,BATS.PITCH
2026-05-18 13:48:56.439527598+00:00,2026-05-18 13:48:56.439500516+00:00,0,5,19474,T,N,0,3.15,100,128,27082,1536959,CURR,BATS.PITCH
2026-05-18 13:48:56.439533217+00:00,2026-05-18 13:48:56.439512217+00:00,0,5,19474,T,N,0,3.14,200,128,21000,1536960,CURR,BATS.PITCH
2026-05-18 13:48:56.441023319+00:00,2026-05-18 13:48:56.441001057+00:00,0,5,19474,T,N,0,3.14,100,128,22262,1536961,CURR,BATS.PITCH
2026-05-18 13:48:56.441069689+00:00,2026-05-18 13:48:56.441047132+00:00,0,5,19474,T,N,0,3.14,596,128,22557,1536962,CURR,BATS.PITCH
2026-05-18 13:48:56.441732315+00:00,2026-05-18 13:48:56.441699582+00:00,0,5,19474,T,N,0,3.165,140,128,32733,1536963,CURR,BATS.PITCH
2026-05-18 13:48:56.441746390+00:00,2026-05-18 13:48:56.441699582+00:00,0,5,19474,T,N,0,3.14,60,128,46808,1536964,CURR,BATS.PITCH
2026-05-18 13:56:31.432498747+00:00,2026-05-18 13:56:31.432464036+00:00,0,5,19474,T,N,0,3.2,100,128,34711,1915478,CURR,BATS.PITCH
2026-05-18 13:56:45.051926779+00:00,2026-05-18 13:56:45.051893197+00:00,0,5,19474,T,A,0,3.13,2400,0,33582,1929118,CURR,BATS.PITCH
2026-05-18 13:56:45.051930738+00:00,2026-05-18 13:56:45.051893197+00:00,0,5,19474,T,A,0,3.13,1200,0,37541,1929119,CURR,BATS.PITCH
2026-05-18 13:57:36.901193467+00:00,2026-05-18 13:57:36.901158061+00:00,0,5,19474,T,N,0,3.04,100,128,35406,1972550,CURR,BATS.PITCH
2026-05-18 13:57:36.901224176+00:00,2026-05-18 13:57:36.901190591+00:00,0,5,19474,T,N,0,3.04,40,0,33585,1972551,CURR,BATS.PITCH
2026-05-18 13:57:36.901280944+00:00,2026-05-18 13:57:36.901250702+00:00,0,5,19474,T,A,0,3.05,1160,0,30242,1972553,CURR,BATS.PITCH
2026-05-18 13:59:34.704481988+00:00,2026-05-18 13:59:34.704448967+00:00,0,5,19474,T,N,0,3.03,100,128,33021,2068907,CURR,BATS.PITCH
2026-05-18 14:00:50.954158186+00:00,2026-05-18 14:00:50.954124762+00:00,0,5,19474,T,N,0,2.96,100,128,33424,2142329,CURR,BATS.PITCH
2026-05-18 14:00:50.964404174+00:00,2026-05-18 14:00:50.964371134+00:00,0,5,19474,T,N,0,2.96,100,128,33040,2142339,CURR,BATS.PITCH
2026-05-18 14:05:21.854828933+00:00,2026-05-18 14:05:21.854796512+00:00,0,5,19474,T,N,0,3.085,100,128,32421,2337952,CURR,BATS.PITCH
2026-05-18 14:05:21.860575422+00:00,2026-05-18 14:05:21.860545107+00:00,0,5,19474,T,N,0,3.085,100,128,30315,2337953,CURR,BATS.PITCH
2026-05-18 14:05:21.865698535+00:00,2026-05-18 14:05:21.865667952+00:00,0,5,19474,T,N,0,3.085,100,128,30583,2337956,CURR,BATS.PITCH
2026-05-18 14:05:43.024551624+00:00,2026-05-18 14:05:43.024522114+00:00,0,5,19474,T,N,0,3.1,100,128,29510,2357284,CURR,BATS.PITCH
2026-05-18 14:10:35.407634997+00:00,2026-05-18 14:10:35.407596573+00:00,0,5,19474,T,B,0,3.15,300,0,38424,2619589,CURR,BATS.PITCH
2026-05-18 14:10:35.407804714+00:00,2026-05-18 14:10:35.407772379+00:00,0,5,19474,T,N,0,3.15,100,128,32335,2619602,CURR,BATS.PITCH
2026-05-18 14:21:26.221898066+00:00,2026-05-18 14:21:26.221868586+00:00,0,5,19474,T,N,0,3.03,6,128,29480,3068084,CURR,BATS.PITCH
2026-05-18 14:57:59.603605271+00:00,2026-05-18 14:57:59.603571994+00:00,0,5,19474,T,N,0,3.05,700,128,33277,4514204,CURR,BATS.PITCH
2026-05-18 14:57:59.603652571+00:00,2026-05-18 14:57:59.603624411+00:00,0,5,19474,T,N,0,3.05,100,128,28160,4514205,CURR,BATS.PITCH
2026-05-18 15:04:39.400078447+00:00,2026-05-18 15:04:39.400045986+00:00,0,5,19474,T,N,0,3.075,100,128,32461,4831112,CURR,BATS.PITCH
2026-05-18 15:04:39.408741068+00:00,2026-05-18 15:04:39.408709805+00:00,0,5,19474,T,N,0,3.075,100,128,31263,4831118,CURR,BATS.PITCH
2026-05-18 15:04:39.408813549+00:00,2026-05-18 15:04:39.408785285+00:00,0,5,19474,T,N,0,3.08,100,128,28264,4831119,CURR,BATS.PITCH
2026-05-18 15:08:56.786554097+00:00,2026-05-18 15:08:56.786519314+00:00,0,5,19474,T,B,0,3.1,160,0,34783,4983267,CURR,BATS.PITCH
2026-05-18 15:08:56.786765816+00:00,2026-05-18 15:08:56.786717933+00:00,0,5,19474,T,N,0,3.085,100,128,47883,4983281,CURR,BATS.PITCH
2026-05-18 15:19:15.027734807+00:00,2026-05-18 15:19:15.027703564+00:00,0,5,19474,T,N,0,3.07,100,128,31243,5317301,CURR,BATS.PITCH
2026-05-18 15:19:15.027967430+00:00,2026-05-18 15:19:15.027936576+00:00,0,5,19474,T,B,0,3.07,100,0,30854,5317311,CURR,BATS.PITCH
2026-05-18 15:19:15.027991626+00:00,2026-05-18 15:19:15.027964568+00:00,0,5,19474,T,B,0,3.07,86,0,27058,5317312,CURR,BATS.PITCH
2026-05-18 15:19:15.028001394+00:00,2026-05-18 15:19:15.027974476+00:00,0,5,19474,T,B,0,3.07,314,0,26918,5317313,CURR,BATS.PITCH
2026-05-18 15:19:15.028004512+00:00,2026-05-18 15:19:15.027974476+00:00,0,5,19474,T,N,0,3.07,86,128,30036,5317314,CURR,BATS.PITCH
2026-05-18 15:19:15.028023558+00:00,2026-05-18 15:19:15.027995625+00:00,0,5,19474,T,N,0,3.07,14,128,27933,5317315,CURR,BATS.PITCH
2026-05-18 15:19:15.128274546+00:00,2026-05-18 15:19:15.128241662+00:00,0,5,19474,T,A,0,3.06,500,0,32884,5317386,CURR,BATS.PITCH
2026-05-18 15:19:15.164646046+00:00,2026-05-18 15:19:15.164603709+00:00,0,5,19474,T,A,0,3.04,100,0,42337,5317422,CURR,BATS.PITCH
2026-05-18 15:19:15.201100860+00:00,2026-05-18 15:19:15.201066343+00:00,0,5,19474,T,A,0,3.03,600,0,34517,5317465,CURR,BATS.PITCH
2026-05-18 15:19:16.653148316+00:00,2026-05-18 15:19:16.653114921+00:00,0,5,19474,T,A,0,2.99,100,0,33395,5318832,CURR,BATS.PITCH
2026-05-18 15:19:16.653317568+00:00,2026-05-18 15:19:16.653288072+00:00,0,5,19474,T,N,0,2.99,100,128,29496,5318835,CURR,BATS.PITCH
2026-05-18 15:19:17.271119460+00:00,2026-05-18 15:19:17.271085975+00:00,0,5,19474,T,N,0,2.98,140,128,33485,5319129,CURR,BATS.PITCH
2026-05-18 15:19:17.271174053+00:00,2026-05-18 15:19:17.271144533+00:00,0,5,19474,T,N,0,2.98,100,128,29520,5319130,CURR,BATS.PITCH
2026-05-18 15:20:58.500186080+00:00,2026-05-18 15:20:58.500154548+00:00,0,5,19474,T,N,0,3.04,100,128,31532,5384652,CURR,BATS.PITCH
2026-05-18 15:28:54.272865275+00:00,2026-05-18 15:28:54.272825807+00:00,0,5,19474,T,B,0,3.06,629,0,39468,5598665,CURR,BATS.PITCH
2026-05-18 15:40:54.480046998+00:00,2026-05-18 15:40:54.480013126+00:00,0,5,19474,T,N,0,3.06,100,128,33872,5916589,CURR,BATS.PITCH
2026-05-18 15:53:19.980329568+00:00,2026-05-18 15:53:19.980299408+00:00,0,5,19474,T,N,0,3.06,100,128,30160,6197634,CURR,BATS.PITCH
2026-05-18 15:53:24.980299774+00:00,2026-05-18 15:53:24.980269258+00:00,0,5,19474,T,N,0,3.06,100,128,30516,6199490,CURR,BATS.PITCH
2026-05-18 15:58:07.479887661+00:00,2026-05-18 15:58:07.479853657+00:00,0,5,19474,T,N,0,3.07,100,128,34004,6297389,CURR,BATS.PITCH
2026-05-18 16:00:47.883187569+00:00,2026-05-18 16:00:47.883153710+00:00,0,5,19474,T,N,0,3.07,100,128,33859,6356140,CURR,BATS.PITCH
2026-05-18 16:16:25.564710435+00:00,2026-05-18 16:16:25.564675911+00:00,0,5,19474,T,N,0,3.07,100,128,34524,6682064,CURR,BATS.PITCH
2026-05-18 16:30:15.332472131+00:00,2026-05-18 16:30:15.332433085+00:00,0,5,19474,T,N,0,3.01,100,128,39046,7050299,CURR,BATS.PITCH
2026-05-18 16:39:47.023443883+00:00,2026-05-18 16:39:47.023409957+00:00,0,5,19474,T,N,0,3.0,100,128,33926,7277265,CURR,BATS.PITCH
2026-05-18 16:43:22.109040346+00:00,2026-05-18 16:43:22.109006041+00:00,0,5,19474,T,N,0,2.99,100,128,34305,7344867,CURR,BATS.PITCH
2026-05-18 16:56:20.567739849+00:00,2026-05-18 16:56:20.567705373+00:00,0,5,19474,T,N,0,2.95,100,128,34476,7609831,CURR,BATS.PITCH
2026-05-18 17:16:10.725019922+00:00,2026-05-18 17:16:10.724986290+00:00,0,5,19474,T,N,0,2.88,100,128,33632,7999152,CURR,BATS.PITCH
2026-05-18 17:16:11.799112340+00:00,2026-05-18 17:16:11.799076600+00:00,0,5,19474,T,N,0,2.88,100,128,35740,7999490,CURR,BATS.PITCH
2026-05-18 17:16:38.995990900+00:00,2026-05-18 17:16:38.995955337+00:00,0,5,19474,T,N,0,2.86,100,128,35563,8014025,CURR,BATS.PITCH
2026-05-18 17:16:39.864741250+00:00,2026-05-18 17:16:39.864706328+00:00,0,5,19474,T,N,0,2.86,100,128,34922,8014420,CURR,BATS.PITCH
2026-05-18 17:19:26.647972250+00:00,2026-05-18 17:19:26.647935589+00:00,0,5,19474,T,N,0,2.87,100,128,36661,8061962,CURR,BATS.PITCH
2026-05-18 17:19:29.174139094+00:00,2026-05-18 17:19:29.174104292+00:00,0,5,19474,T,N,0,2.87,100,128,34802,8062585,CURR,BATS.PITCH
2026-05-18 17:32:01.839409145+00:00,2026-05-18 17:32:01.839367079+00:00,0,5,19474,T,N,0,2.93,100,0,42066,8286915,CURR,BATS.PITCH
2026-05-18 17:57:32.367652303+00:00,2026-05-18 17:57:32.367614660+00:00,0,5,19474,T,A,0,2.87,1563,0,37643,8740153,CURR,BATS.PITCH
2026-05-18 18:16:20.264059386+00:00,2026-05-18 18:16:20.264026046+00:00,0,5,19474,T,N,0,2.77,4,128,33340,9093351,CURR,BATS.PITCH
2026-05-18 18:16:20.265086809+00:00,2026-05-18 18:16:20.265054813+00:00,0,5,19474,T,N,0,2.765,196,128,31996,9093366,CURR,BATS.PITCH
2026-05-18 18:42:55.151409368+00:00,2026-05-18 18:42:55.151376360+00:00,0,5,19474,T,N,0,2.765,100,128,33008,9662034,CURR,BATS.PITCH
2026-05-18 18:44:51.219090423+00:00,2026-05-18 18:44:51.219057210+00:00,0,5,19474,T,N,0,2.74,65,128,33213,9704726,CURR,BATS.PITCH
2026-05-18 18:44:51.220480366+00:00,2026-05-18 18:44:51.220447217+00:00,0,5,19474,T,N,0,2.74,35,128,33149,9704727,CURR,BATS.PITCH
2026-05-18 19:01:28.243682989+00:00,2026-05-18 19:01:28.243643467+00:00,0,5,19474,T,B,0,2.76,54,0,39522,10104610,CURR,BATS.PITCH
2026-05-18 19:20:29.757688812+00:00,2026-05-18 19:20:29.757651927+00:00,0,5,19474,T,N,0,2.74,100,128,36885,10858778,CURR,BATS.PITCH
2026-05-18 19:26:27.339824709+00:00,2026-05-18 19:26:27.339790138+00:00,0,5,19474,T,N,0,2.74,100,128,34571,11015238,CURR,BATS.PITCH
2026-05-18 19:26:27.339953871+00:00,2026-05-18 19:26:27.339924838+00:00,0,5,19474,T,N,0,2.74,100,128,29033,11015239,CURR,BATS.PITCH
2026-05-18 19:28:16.176608891+00:00,2026-05-18 19:28:16.176574742+00:00,0,5,19474,T,N,0,2.74,6,128,34149,11057641,CURR,BATS.PITCH
2026-05-18 19:36:10.230326911+00:00,2026-05-18 19:36:10.230294800+00:00,0,5,19474,T,N,0,2.74,58,128,32111,11274019,CURR,BATS.PITCH
2026-05-18 19:43:56.675342786+00:00,2026-05-18 19:43:56.675309642+00:00,0,5,19474,T,N,0,2.73,50,128,33144,11496282,CURR,BATS.PITCH
2026-05-18 19:56:29.176485627+00:00,2026-05-18 19:56:29.176441770+00:00,0,5,19474,T,A,0,2.73,100,0,43857,11996865,CURR,BATS.PITCH
2026-05-18 19:56:29.176606998+00:00,2026-05-18 19:56:29.176573755+00:00,0,5,19474,T,A,0,2.72,100,0,33243,11996870,CURR,BATS.PITCH
2026-05-18 19:58:00.099350273+00:00,2026-05-18 19:58:00.099317084+00:00,0,5,19474,T,N,0,2.72,1,128,33189,12062380,CURR,BATS.PITCH
2026-05-18 22:54:48.582583502+00:00,2026-05-18 22:54:48.582534863+00:00,0,5,19474,T,N,0,2.71,800,128,48639,12253060,CURR,BATS.PITCH
2026-05-18 22:56:12.582696295+00:00,2026-05-18 22:56:12.582651721+00:00,0,5,19474,T,A,0,2.7,800,0,44574,12253251,CURR,BATS.PITCH
2026-05-18 13:31:31.355418246+00:00,2026-05-18 13:31:31.355381285+00:00,0,6,19474,T,N,0,3.59,100,128,36961,119977,CURR,BATY.PITCH
2026-05-18 13:31:31.355426022+00:00,2026-05-18 13:31:31.355381285+00:00,0,6,19474,T,A,0,3.58,300,0,44737,119978,CURR,BATY.PITCH
2026-05-18 13:31:31.357143087+00:00,2026-05-18 13:31:31.357110403+00:00,0,6,19474,T,B,0,3.58,300,0,32684,119981,CURR,BATY.PITCH
2026-05-18 13:31:31.357600339+00:00,2026-05-18 13:31:31.357566522+00:00,0,6,19474,T,B,0,3.58,97,0,33817,119983,CURR,BATY.PITCH
2026-05-18 13:36:03.307188398+00:00,2026-05-18 13:36:03.307154346+00:00,0,6,19474,T,N,0,3.42,500,128,34052,170541,CURR,BATY.PITCH
2026-05-18 13:40:20.677771014+00:00,2026-05-18 13:40:20.677733001+00:00,0,6,19474,T,B,0,3.34,500,0,38013,221063,CURR,BATY.PITCH
2026-05-18 13:40:20.677790181+00:00,2026-05-18 13:40:20.677758749+00:00,0,6,19474,T,B,0,3.34,200,0,31432,221065,CURR,BATY.PITCH
2026-05-18 13:40:20.677823205+00:00,2026-05-18 13:40:20.677792472+00:00,0,6,19474,T,N,0,3.34,100,128,30733,221066,CURR,BATY.PITCH
2026-05-18 14:00:50.952002272+00:00,2026-05-18 14:00:50.951966383+00:00,0,6,19474,T,N,0,2.96,100,128,35889,458802,CURR,BATY.PITCH
2026-05-18 14:57:59.605719007+00:00,2026-05-18 14:57:59.605680733+00:00,0,6,19474,T,A,0,3.04,400,0,38274,944646,CURR,BATY.PITCH
2026-05-18 14:58:08.273322514+00:00,2026-05-18 14:58:08.273285826+00:00,0,6,19474,T,A,0,3.04,100,0,36688,946111,CURR,BATY.PITCH
2026-05-18 15:02:46.924942192+00:00,2026-05-18 15:02:46.924905567+00:00,0,6,19474,T,A,0,3.05,100,0,36625,993284,CURR,BATY.PITCH
2026-05-18 15:03:33.550421028+00:00,2026-05-18 15:03:33.550383129+00:00,0,6,19474,T,A,0,3.05,100,0,37899,1000925,CURR,BATY.PITCH
2026-05-18 15:03:58.674254226+00:00,2026-05-18 15:03:58.674217455+00:00,0,6,19474,T,A,0,3.05,100,0,36771,1004748,CURR,BATY.PITCH
2026-05-18 15:04:09.243981699+00:00,2026-05-18 15:04:09.243946106+00:00,0,6,19474,T,A,0,3.05,100,0,35593,1006816,CURR,BATY.PITCH
2026-05-18 15:04:19.741907886+00:00,2026-05-18 15:04:19.741871328+00:00,0,6,19474,T,A,0,3.05,100,0,36558,1008019,CURR,BATY.PITCH
2026-05-18 15:19:15.027967802+00:00,2026-05-18 15:19:15.027929714+00:00,0,6,19474,T,B,0,3.07,400,0,38088,1108338,CURR,BATY.PITCH
2026-05-18 15:19:15.128267835+00:00,2026-05-18 15:19:15.128234188+00:00,0,6,19474,T,A,0,3.06,400,0,33647,1108348,CURR,BATY.PITCH
2026-05-18 15:19:15.164610844+00:00,2026-05-18 15:19:15.164571866+00:00,0,6,19474,T,A,0,3.04,100,0,38978,1108350,CURR,BATY.PITCH
2026-05-18 15:19:15.201087815+00:00,2026-05-18 15:19:15.201051798+00:00,0,6,19474,T,A,0,3.03,500,0,36017,1108359,CURR,BATY.PITCH
2026-05-18 15:19:15.652468945+00:00,2026-05-18 15:19:15.652433395+00:00,0,6,19474,T,A,0,2.99,100,0,35550,1108421,CURR,BATY.PITCH
2026-05-18 15:19:15.652652976+00:00,2026-05-18 15:19:15.652622237+00:00,0,6,19474,T,N,0,2.99,100,128,30739,1108422,CURR,BATY.PITCH
2026-05-18 15:40:54.480294816+00:00,2026-05-18 15:40:54.480261944+00:00,0,6,19474,T,N,0,3.06,100,128,32872,1231545,CURR,BATY.PITCH
2026-05-18 15:40:54.480533738+00:00,2026-05-18 15:40:54.480503203+00:00,0,6,19474,T,N,0,3.07,100,128,30535,1231546,CURR,BATY.PITCH
2026-05-18 15:40:54.480610731+00:00,2026-05-18 15:40:54.480582380+00:00,0,6,19474,T,N,0,3.07,25,128,28351,1231547,CURR,BATY.PITCH
2026-05-18 15:40:54.480719646+00:00,2026-05-18 15:40:54.480690672+00:00,0,6,19474,T,N,0,3.07,75,128,28974,1231548,CURR,BATY.PITCH
2026-05-18 15:53:19.980577768+00:00,2026-05-18 15:53:19.980542574+00:00,0,6,19474,T,N,0,3.06,100,128,35194,1287383,CURR,BATY.PITCH
2026-05-18 16:30:15.332501460+00:00,2026-05-18 16:30:15.332464859+00:00,0,6,19474,T,N,0,3.01,77,128,36601,1456910,CURR,BATY.PITCH
2026-05-18 16:39:47.023455571+00:00,2026-05-18 16:39:47.023417041+00:00,0,6,19474,T,N,0,3.0,100,128,38530,1505285,CURR,BATY.PITCH
2026-05-18 16:54:55.732853897+00:00,2026-05-18 16:54:55.732818399+00:00,0,6,19474,T,N,0,2.995,1,128,35498,1565907,CURR,BATY.PITCH
2026-05-18 16:56:20.567743750+00:00,2026-05-18 16:56:20.567707661+00:00,0,6,19474,T,N,0,2.95,100,128,36089,1574199,CURR,BATY.PITCH
2026-05-18 17:16:10.725040361+00:00,2026-05-18 17:16:10.725004485+00:00,0,6,19474,T,N,0,2.88,100,128,35876,1655982,CURR,BATY.PITCH
2026-05-18 17:16:11.799124560+00:00,2026-05-18 17:16:11.799085841+00:00,0,6,19474,T,N,0,2.88,100,128,38719,1656038,CURR,BATY.PITCH
2026-05-18 17:16:11.799550333+00:00,2026-05-18 17:16:11.799517665+00:00,0,6,19474,T,N,0,2.88,100,128,32668,1656039,CURR,BATY.PITCH
2026-05-18 17:32:01.839357177+00:00,2026-05-18 17:32:01.839321461+00:00,0,6,19474,T,N,0,2.93,7,128,35716,1712287,CURR,BATY.PITCH
2026-05-18 17:57:51.558604057+00:00,2026-05-18 17:57:51.558568727+00:00,0,6,19474,T,B,0,2.83,100,0,35330,1810190,CURR,BATY.PITCH
2026-05-18 18:16:24.592862350+00:00,2026-05-18 18:16:24.592826867+00:00,0,6,19474,T,N,0,2.765,100,128,35483,1878643,CURR,BATY.PITCH
2026-05-18 18:42:55.151397562+00:00,2026-05-18 18:42:55.151358559+00:00,0,6,19474,T,B,0,2.77,92,0,39003,1988319,CURR,BATY.PITCH
2026-05-18 18:42:55.151427024+00:00,2026-05-18 18:42:55.151388244+00:00,0,6,19474,T,B,0,2.77,8,0,38780,1988320,CURR,BATY.PITCH
2026-05-18 18:55:48.015160163+00:00,2026-05-18 18:55:48.015125361+00:00,0,6,19474,T,B,0,2.72,100,0,34802,2043678,CURR,BATY.PITCH
2026-05-18 19:01:23.897491183+00:00,2026-05-18 19:01:23.897300714+00:00,0,6,19474,T,B,0,2.74,100,0,190469,2071668,CURR,BATY.PITCH
2026-05-18 19:14:26.147428533+00:00,2026-05-18 19:14:26.147395087+00:00,0,6,19474,T,B,0,2.74,100,0,33446,2206559,CURR,BATY.PITCH
2026-05-18 19:20:29.757687952+00:00,2026-05-18 19:20:29.757646112+00:00,0,6,19474,T,B,0,2.74,100,0,41840,2240600,CURR,BATY.PITCH
2026-05-18 19:20:29.757692774+00:00,2026-05-18 19:20:29.757646112+00:00,0,6,19474,T,N,0,2.74,22,128,46662,2240601,CURR,BATY.PITCH
2026-05-18 19:20:29.757735551+00:00,2026-05-18 19:20:29.757706725+00:00,0,6,19474,T,N,0,2.74,78,128,28826,2240602,CURR,BATY.PITCH
2026-05-18 19:31:45.644903605+00:00,2026-05-18 19:31:45.644870043+00:00,0,6,19474,T,B,0,2.74,100,0,33562,2298428,CURR,BATY.PITCH
2026-05-18 19:55:03.271887348+00:00,2026-05-18 19:55:03.271851991+00:00,0,6,19474,T,B,0,2.74,74,0,35357,2455110,CURR,BATY.PITCH
2026-05-18 19:55:03.271943821+00:00,2026-05-18 19:55:03.271913515+00:00,0,6,19474,T,B,0,2.74,26,0,30306,2455111,CURR,BATY.PITCH
2026-05-18 19:56:29.176609483+00:00,2026-05-18 19:56:29.176572456+00:00,0,6,19474,T,A,0,2.72,100,0,37027,2473511,CURR,BATY.PITCH
2026-05-18 19:57:59.399569221+00:00,2026-05-18 19:57:59.399534124+00:00,0,6,19474,T,N,0,2.74,400,128,35097,2490185,CURR,BATY.PITCH
2026-05-18 13:31:31.355402738+00:00,2026-05-18 13:31:31.355367125+00:00,0,7,19474,T,N,0,3.59,100,128,35613,80361,CURR,EDGA.PITCH
2026-05-18 13:31:31.355410753+00:00,2026-05-18 13:31:31.355367125+00:00,0,7,19474,T,A,0,3.58,200,0,43628,80362,CURR,EDGA.PITCH
2026-05-18 13:36:03.307192022+00:00,2026-05-18 13:36:03.307159945+00:00,0,7,19474,T,N,0,3.42,500,128,32077,115534,CURR,EDGA.PITCH
2026-05-18 13:40:20.677773372+00:00,2026-05-18 13:40:20.677738356+00:00,0,7,19474,T,B,0,3.34,500,0,35016,152241,CURR,EDGA.PITCH
2026-05-18 13:40:20.677944502+00:00,2026-05-18 13:40:20.677913792+00:00,0,7,19474,T,B,0,3.34,200,0,30710,152247,CURR,EDGA.PITCH
2026-05-18 13:40:20.677950450+00:00,2026-05-18 13:40:20.677913792+00:00,0,7,19474,T,N,0,3.34,100,128,36658,152248,CURR,EDGA.PITCH
2026-05-18 13:45:12.592714396+00:00,2026-05-18 13:45:12.592679459+00:00,0,7,19474,T,N,0,3.27,100,0,34937,194902,CURR,EDGA.PITCH
2026-05-18 13:57:36.901198537+00:00,2026-05-18 13:57:36.901156420+00:00,0,7,19474,T,N,0,3.04,80,128,42117,298212,CURR,EDGA.PITCH
2026-05-18 14:00:50.951320148+00:00,2026-05-18 14:00:50.951284294+00:00,0,7,19474,T,N,0,2.96,100,128,35854,320929,CURR,EDGA.PITCH
2026-05-18 14:00:50.962739487+00:00,2026-05-18 14:00:50.962702006+00:00,0,7,19474,T,N,0,2.96,80,128,37481,320935,CURR,EDGA.PITCH
2026-05-18 14:04:58.844577262+00:00,2026-05-18 14:04:58.844536853+00:00,0,7,19474,T,B,0,3.08,160,0,40409,348072,CURR,EDGA.PITCH
2026-05-18 14:10:35.408144605+00:00,2026-05-18 14:10:35.408109360+00:00,0,7,19474,T,N,0,3.15,80,128,35245,394829,CURR,EDGA.PITCH
2026-05-18 15:04:39.400700637+00:00,2026-05-18 15:04:39.400667935+00:00,0,7,19474,T,N,0,3.075,80,128,32702,737603,CURR,EDGA.PITCH
2026-05-18 15:19:15.027970079+00:00,2026-05-18 15:19:15.027934009+00:00,0,7,19474,T,B,0,3.07,100,0,36070,811314,CURR,EDGA.PITCH
2026-05-18 15:19:15.027989333+00:00,2026-05-18 15:19:15.027961199+00:00,0,7,19474,T,B,0,3.07,300,0,28134,811315,CURR,EDGA.PITCH
2026-05-18 15:19:15.027994031+00:00,2026-05-18 15:19:15.027961199+00:00,0,7,19474,T,N,0,3.07,80,128,32832,811316,CURR,EDGA.PITCH
2026-05-18 15:19:15.128266519+00:00,2026-05-18 15:19:15.128235180+00:00,0,7,19474,T,A,0,3.06,400,0,31339,811334,CURR,EDGA.PITCH
2026-05-18 15:19:15.164615768+00:00,2026-05-18 15:19:15.164585141+00:00,0,7,19474,T,A,0,3.04,100,0,30627,811345,CURR,EDGA.PITCH
2026-05-18 15:19:15.201086518+00:00,2026-05-18 15:19:15.201052641+00:00,0,7,19474,T,A,0,3.03,500,0,33877,811355,CURR,EDGA.PITCH
2026-05-18 15:19:16.653150345+00:00,2026-05-18 15:19:16.653113070+00:00,0,7,19474,T,A,0,2.99,100,0,37275,811579,CURR,EDGA.PITCH
2026-05-18 15:19:16.653314499+00:00,2026-05-18 15:19:16.653285531+00:00,0,7,19474,T,N,0,2.99,73,128,28968,811580,CURR,EDGA.PITCH
2026-05-18 15:40:54.480055063+00:00,2026-05-18 15:40:54.480017736+00:00,0,7,19474,T,N,0,3.06,100,128,37327,901767,CURR,EDGA.PITCH
2026-05-18 15:53:19.980494066+00:00,2026-05-18 15:53:19.980460144+00:00,0,7,19474,T,N,0,3.06,100,128,33922,943031,CURR,EDGA.PITCH
2026-05-18 19:56:29.176487793+00:00,2026-05-18 19:56:29.176449301+00:00,0,7,19474,T,A,0,2.73,200,0,38492,1780971,CURR,EDGA.PITCH
2026-05-18 19:56:29.176663614+00:00,2026-05-18 19:56:29.176629326+00:00,0,7,19474,T,N,0,2.73,100,128,34288,1780975,CURR,EDGA.PITCH
2026-05-18 19:56:29.176775629+00:00,2026-05-18 19:56:29.176742857+00:00,0,7,19474,T,N,0,2.73,10,128,32772,1780979,CURR,EDGA.PITCH
2026-05-18 19:58:54.734333947+00:00,2026-05-18 19:58:54.734299544+00:00,0,7,19474,T,A,0,2.73,196,0,34403,1803458,CURR,EDGA.PITCH
2026-05-18 08:25:42.838138291+00:00,2026-05-18 08:25:42.838102087+00:00,0,8,19474,T,A,0,3.6,10,0,36204,172372,CURR,EDGX.PITCH
2026-05-18 12:14:49.658693011+00:00,2026-05-18 12:14:49.658648903+00:00,0,8,19474,T,A,0,3.6,31,0,44108,751214,CURR,EDGX.PITCH
2026-05-18 12:52:15.382998674+00:00,2026-05-18 12:52:15.382959454+00:00,0,8,19474,T,A,0,3.63,3,0,39220,873444,CURR,EDGX.PITCH
2026-05-18 13:30:00.428769072+00:00,2026-05-18 13:30:00.428732787+00:00,0,8,19474,T,A,0,3.6,59,0,36285,988040,CURR,EDGX.PITCH
2026-05-18 13:31:31.355498149+00:00,2026-05-18 13:31:31.355462004+00:00,0,8,19474,T,N,0,3.59,100,128,36145,1083089,CURR,EDGX.PITCH
2026-05-18 13:31:31.355509723+00:00,2026-05-18 13:31:31.355462004+00:00,0,8,19474,T,A,0,3.58,300,0,47719,1083090,CURR,EDGX.PITCH
2026-05-18 13:31:31.357039992+00:00,2026-05-18 13:31:31.357001858+00:00,0,8,19474,T,A,0,3.58,71,0,38134,1083102,CURR,EDGX.PITCH
2026-05-18 13:31:31.357104282+00:00,2026-05-18 13:31:31.357068230+00:00,0,8,19474,T,B,0,3.58,600,0,36052,1083105,CURR,EDGX.PITCH
2026-05-18 13:31:31.360040827+00:00,2026-05-18 13:31:31.360009380+00:00,0,8,19474,T,N,0,3.56,110,128,31447,1083119,CURR,EDGX.PITCH
2026-05-18 13:31:31.364140753+00:00,2026-05-18 13:31:31.364107764+00:00,0,8,19474,T,N,0,3.56,90,128,32989,1083120,CURR,EDGX.PITCH
2026-05-18 13:31:31.364142634+00:00,2026-05-18 13:31:31.364107764+00:00,0,8,19474,T,N,0,3.56,20,128,34870,1083121,CURR,EDGX.PITCH
2026-05-18 13:31:31.377546348+00:00,2026-05-18 13:31:31.377512050+00:00,0,8,19474,T,N,0,3.56,100,128,34298,1083129,CURR,EDGX.PITCH
2026-05-18 13:31:31.377548961+00:00,2026-05-18 13:31:31.377512050+00:00,0,8,19474,T,N,0,3.56,10,128,36911,1083130,CURR,EDGX.PITCH
2026-05-18 13:31:35.342635727+00:00,2026-05-18 13:31:35.342600570+00:00,0,8,19474,T,N,0,3.56,100,128,35157,1084946,CURR,EDGX.PITCH
2026-05-18 13:36:03.307075710+00:00,2026-05-18 13:36:03.307042256+00:00,0,8,19474,T,N,0,3.42,600,128,33454,1257064,CURR,EDGX.PITCH
2026-05-18 13:36:03.307564336+00:00,2026-05-18 13:36:03.307533166+00:00,0,8,19474,T,N,0,3.42,100,128,31170,1257065,CURR,EDGX.PITCH
2026-05-18 13:40:20.673866427+00:00,2026-05-18 13:40:20.673832555+00:00,0,8,19474,T,N,0,3.33,100,128,33872,1462376,CURR,EDGX.PITCH
2026-05-18 13:40:20.673868562+00:00,2026-05-18 13:40:20.673832555+00:00,0,8,19474,T,N,0,3.33,10,128,36007,1462377,CURR,EDGX.PITCH
2026-05-18 13:40:20.677772805+00:00,2026-05-18 13:40:20.677738252+00:00,0,8,19474,T,N,0,3.33,90,128,34553,1462380,CURR,EDGX.PITCH
2026-05-18 13:40:20.677785275+00:00,2026-05-18 13:40:20.677738252+00:00,0,8,19474,T,B,0,3.34,510,0,47023,1462381,CURR,EDGX.PITCH
2026-05-18 13:40:20.677799983+00:00,2026-05-18 13:40:20.677769029+00:00,0,8,19474,T,B,0,3.34,290,0,30954,1462384,CURR,EDGX.PITCH
2026-05-18 13:40:20.677803815+00:00,2026-05-18 13:40:20.677769029+00:00,0,8,19474,T,N,0,3.34,100,128,34786,1462385,CURR,EDGX.PITCH
2026-05-18 13:40:20.677810592+00:00,2026-05-18 13:40:20.677769029+00:00,0,8,19474,T,N,0,3.34,100,128,41563,1462386,CURR,EDGX.PITCH
2026-05-18 13:45:12.592658652+00:00,2026-05-18 13:45:12.592619124+00:00,0,8,19474,T,N,0,3.27,100,128,39528,1705025,CURR,EDGX.PITCH
2026-05-18 13:56:45.037454359+00:00,2026-05-18 13:56:45.037414769+00:00,0,8,19474,T,A,0,3.18,1414,0,39590,2198672,CURR,EDGX.PITCH
2026-05-18 13:56:45.049047013+00:00,2026-05-18 13:56:45.049010534+00:00,0,8,19474,T,A,0,3.15,1441,0,36479,2198687,CURR,EDGX.PITCH
2026-05-18 13:56:45.051928064+00:00,2026-05-18 13:56:45.051892384+00:00,0,8,19474,T,A,0,3.13,400,0,35680,2198700,CURR,EDGX.PITCH
2026-05-18 13:56:45.051935002+00:00,2026-05-18 13:56:45.051892384+00:00,0,8,19474,T,A,0,3.13,200,0,42618,2198701,CURR,EDGX.PITCH
2026-05-18 13:57:36.901193674+00:00,2026-05-18 13:57:36.901156805+00:00,0,8,19474,T,N,0,3.045,100,128,36869,2233390,CURR,EDGX.PITCH
2026-05-18 13:57:36.901196445+00:00,2026-05-18 13:57:36.901156805+00:00,0,8,19474,T,N,0,3.04,10,128,39640,2233391,CURR,EDGX.PITCH
2026-05-18 13:57:36.901701861+00:00,2026-05-18 13:57:36.901665438+00:00,0,8,19474,T,A,0,3.05,200,0,36423,2233399,CURR,EDGX.PITCH
2026-05-18 13:59:34.704484672+00:00,2026-05-18 13:59:34.704449015+00:00,0,8,19474,T,N,0,3.03,100,128,35657,2307594,CURR,EDGX.PITCH
2026-05-18 14:00:50.950014211+00:00,2026-05-18 14:00:50.949975998+00:00,0,8,19474,T,N,0,2.96,100,128,38213,2358898,CURR,EDGX.PITCH
2026-05-18 14:00:50.962716845+00:00,2026-05-18 14:00:50.962680397+00:00,0,8,19474,T,N,0,2.96,110,128,36448,2358901,CURR,EDGX.PITCH
2026-05-18 14:00:50.962720633+00:00,2026-05-18 14:00:50.962680397+00:00,0,8,19474,T,N,0,2.96,100,128,40236,2358902,CURR,EDGX.PITCH
2026-05-18 14:02:20.249349999+00:00,2026-05-18 14:02:20.249313714+00:00,0,8,19474,T,N,0,3.02,100,128,36285,2406571,CURR,EDGX.PITCH
2026-05-18 14:02:20.249583819+00:00,2026-05-18 14:02:20.249552256+00:00,0,8,19474,T,B,0,3.03,100,0,31563,2406572,CURR,EDGX.PITCH
2026-05-18 14:02:20.249594981+00:00,2026-05-18 14:02:20.249552256+00:00,0,8,19474,T,B,0,3.03,100,0,42725,2406573,CURR,EDGX.PITCH
2026-05-18 14:02:20.249612720+00:00,2026-05-18 14:02:20.249581490+00:00,0,8,19474,T,B,0,3.03,100,0,31230,2406576,CURR,EDGX.PITCH
2026-05-18 14:02:20.249618274+00:00,2026-05-18 14:02:20.249581490+00:00,0,8,19474,T,B,0,3.03,100,0,36784,2406577,CURR,EDGX.PITCH
2026-05-18 14:05:21.854831015+00:00,2026-05-18 14:05:21.854796591+00:00,0,8,19474,T,N,0,3.085,100,128,34424,2505865,CURR,EDGX.PITCH
2026-05-18 14:05:21.860638666+00:00,2026-05-18 14:05:21.860607448+00:00,0,8,19474,T,N,0,3.085,100,128,31218,2505866,CURR,EDGX.PITCH
2026-05-18 14:05:21.860695766+00:00,2026-05-18 14:05:21.860666868+00:00,0,8,19474,T,N,0,3.085,100,128,28898,2505867,CURR,EDGX.PITCH
2026-05-18 14:05:21.865772400+00:00,2026-05-18 14:05:21.865737213+00:00,0,8,19474,T,N,0,3.085,100,128,35187,2505868,CURR,EDGX.PITCH
2026-05-18 14:05:21.865827660+00:00,2026-05-18 14:05:21.865798757+00:00,0,8,19474,T,N,0,3.085,100,128,28903,2505869,CURR,EDGX.PITCH
2026-05-18 14:05:43.024533416+00:00,2026-05-18 14:05:43.024497817+00:00,0,8,19474,T,N,0,3.085,100,128,35599,2521128,CURR,EDGX.PITCH
2026-05-18 14:05:43.024544338+00:00,2026-05-18 14:05:43.024497817+00:00,0,8,19474,T,B,0,3.1,900,0,46521,2521129,CURR,EDGX.PITCH
2026-05-18 14:05:43.024547199+00:00,2026-05-18 14:05:43.024517534+00:00,0,8,19474,T,B,0,3.1,100,0,29665,2521130,CURR,EDGX.PITCH
2026-05-18 14:05:43.024561774+00:00,2026-05-18 14:05:43.024517534+00:00,0,8,19474,T,N,0,3.1,100,128,44240,2521131,CURR,EDGX.PITCH
2026-05-18 14:09:45.911044722+00:00,2026-05-18 14:09:45.911008276+00:00,0,8,19474,T,N,0,3.09,100,128,36446,2689924,CURR,EDGX.PITCH
2026-05-18 14:10:35.406959101+00:00,2026-05-18 14:10:35.406919077+00:00,0,8,19474,T,B,0,3.13,1241,0,40024,2723426,CURR,EDGX.PITCH
2026-05-18 14:10:35.407645491+00:00,2026-05-18 14:10:35.407614977+00:00,0,8,19474,T,B,0,3.15,100,0,30514,2723448,CURR,EDGX.PITCH
2026-05-18 14:15:29.051720340+00:00,2026-05-18 14:15:29.051687387+00:00,0,8,19474,T,N,0,3.18,100,128,32953,2891861,CURR,EDGX.PITCH
2026-05-18 14:15:29.051833435+00:00,2026-05-18 14:15:29.051801488+00:00,0,8,19474,T,N,0,3.18,100,128,31947,2891862,CURR,EDGX.PITCH
2026-05-18 14:15:47.410928025+00:00,2026-05-18 14:15:47.410896300+00:00,0,8,19474,T,A,0,3.14,1650,0,31725,2903790,CURR,EDGX.PITCH
2026-05-18 14:15:47.410949832+00:00,2026-05-18 14:15:47.410918581+00:00,0,8,19474,T,A,0,3.14,555,0,31251,2903792,CURR,EDGX.PITCH
2026-05-18 14:21:26.221905935+00:00,2026-05-18 14:21:26.221873817+00:00,0,8,19474,T,N,0,3.03,7,128,32118,3075043,CURR,EDGX.PITCH
2026-05-18 14:31:53.042104529+00:00,2026-05-18 14:31:53.042065665+00:00,0,8,19474,T,B,0,3.05,100,0,38864,3395151,CURR,EDGX.PITCH
2026-05-18 14:31:53.042164387+00:00,2026-05-18 14:31:53.042130134+00:00,0,8,19474,T,B,0,3.05,5900,0,34253,3395152,CURR,EDGX.PITCH
2026-05-18 14:33:17.003822540+00:00,2026-05-18 14:33:17.003786462+00:00,0,8,19474,T,A,0,3.02,100,0,36078,3446428,CURR,EDGX.PITCH
2026-05-18 14:33:17.003830018+00:00,2026-05-18 14:33:17.003786462+00:00,0,8,19474,T,A,0,3.02,100,0,43556,3446429,CURR,EDGX.PITCH
2026-05-18 14:57:59.603540237+00:00,2026-05-18 14:57:59.603505300+00:00,0,8,19474,T,N,0,3.05,100,128,34937,4188928,CURR,EDGX.PITCH
2026-05-18 14:57:59.603606915+00:00,2026-05-18 14:57:59.603577985+00:00,0,8,19474,T,N,0,3.05,700,128,28930,4188929,CURR,EDGX.PITCH
2026-05-18 15:04:39.400086083+00:00,2026-05-18 15:04:39.400050949+00:00,0,8,19474,T,N,0,3.07,100,128,35134,4428220,CURR,EDGX.PITCH
2026-05-18 15:04:39.408739404+00:00,2026-05-18 15:04:39.408708550+00:00,0,8,19474,T,N,0,3.075,100,128,30854,4428224,CURR,EDGX.PITCH
2026-05-18 15:04:39.408803520+00:00,2026-05-18 15:04:39.408774192+00:00,0,8,19474,T,N,0,3.075,100,128,29328,4428225,CURR,EDGX.PITCH
2026-05-18 15:04:41.550897986+00:00,2026-05-18 15:04:41.550863947+00:00,0,8,19474,T,N,0,3.08,100,128,34039,4429861,CURR,EDGX.PITCH
2026-05-18 15:08:56.786290793+00:00,2026-05-18 15:08:56.786252416+00:00,0,8,19474,T,B,0,3.09,36,0,38377,4544576,CURR,EDGX.PITCH
2026-05-18 15:08:56.786294141+00:00,2026-05-18 15:08:56.786252416+00:00,0,8,19474,T,B,0,3.09,24,0,41725,4544577,CURR,EDGX.PITCH
2026-05-18 15:08:56.786298162+00:00,2026-05-18 15:08:56.786252416+00:00,0,8,19474,T,B,0,3.09,24,0,45746,4544578,CURR,EDGX.PITCH
2026-05-18 15:08:56.786307183+00:00,2026-05-18 15:08:56.786252416+00:00,0,8,19474,T,B,0,3.09,27,0,54767,4544579,CURR,EDGX.PITCH
2026-05-18 15:08:56.786550836+00:00,2026-05-18 15:08:56.786518980+00:00,0,8,19474,T,B,0,3.1,50,0,31856,4544588,CURR,EDGX.PITCH
2026-05-18 15:08:56.786562345+00:00,2026-05-18 15:08:56.786518980+00:00,0,8,19474,T,B,0,3.1,9,0,43365,4544589,CURR,EDGX.PITCH
2026-05-18 15:08:56.786789867+00:00,2026-05-18 15:08:56.786708221+00:00,0,8,19474,T,N,0,3.085,10,0,81646,4544605,CURR,EDGX.PITCH
2026-05-18 15:19:15.027685247+00:00,2026-05-18 15:19:15.027652084+00:00,0,8,19474,T,N,0,3.07,100,128,33163,4801503,CURR,EDGX.PITCH
2026-05-18 15:19:15.027768824+00:00,2026-05-18 15:19:15.027740618+00:00,0,8,19474,T,N,0,3.07,100,128,28206,4801504,CURR,EDGX.PITCH
2026-05-18 15:19:15.027964199+00:00,2026-05-18 15:19:15.027932374+00:00,0,8,19474,T,B,0,3.07,243,0,31825,4801508,CURR,EDGX.PITCH
2026-05-18 15:19:15.027984160+00:00,2026-05-18 15:19:15.027956458+00:00,0,8,19474,T,B,0,3.07,100,0,27702,4801509,CURR,EDGX.PITCH
2026-05-18 15:19:15.027993873+00:00,2026-05-18 15:19:15.027967148+00:00,0,8,19474,T,B,0,3.07,157,0,26725,4801510,CURR,EDGX.PITCH
2026-05-18 15:19:15.128262994+00:00,2026-05-18 15:19:15.128220396+00:00,0,8,19474,T,A,0,3.06,500,0,42598,4801579,CURR,EDGX.PITCH
2026-05-18 15:19:15.164623643+00:00,2026-05-18 15:19:15.164581338+00:00,0,8,19474,T,A,0,3.04,100,0,42305,4801602,CURR,EDGX.PITCH
2026-05-18 15:19:15.201022604+00:00,2026-05-18 15:19:15.200982365+00:00,0,8,19474,T,A,0,3.03,600,0,40239,4801622,CURR,EDGX.PITCH
2026-05-18 15:19:15.647605601+00:00,2026-05-18 15:19:15.647574911+00:00,0,8,19474,T,A,0,3.0,1,0,30690,4801916,CURR,EDGX.PITCH
2026-05-18 15:19:16.653152008+00:00,2026-05-18 15:19:16.653114304+00:00,0,8,19474,T,A,0,2.99,100,0,37704,4802761,CURR,EDGX.PITCH
2026-05-18 15:19:16.653317049+00:00,2026-05-18 15:19:16.653287184+00:00,0,8,19474,T,N,0,2.99,100,128,29865,4802763,CURR,EDGX.PITCH
2026-05-18 15:19:17.271118430+00:00,2026-05-18 15:19:17.271084366+00:00,0,8,19474,T,N,0,2.98,110,128,34064,4802986,CURR,EDGX.PITCH
2026-05-18 15:19:17.271171192+00:00,2026-05-18 15:19:17.271140459+00:00,0,8,19474,T,N,0,2.98,100,128,30733,4802987,CURR,EDGX.PITCH
2026-05-18 15:19:17.283199139+00:00,2026-05-18 15:19:17.283168296+00:00,0,8,19474,T,N,0,2.99,100,128,30843,4802990,CURR,EDGX.PITCH
2026-05-18 15:20:56.518495247+00:00,2026-05-18 15:20:56.518462104+00:00,0,8,19474,T,N,0,3.02,100,128,33143,4853098,CURR,EDGX.PITCH
2026-05-18 15:20:58.500062276+00:00,2026-05-18 15:20:58.500025149+00:00,0,8,19474,T,B,0,3.04,400,0,37127,4853573,CURR,EDGX.PITCH
2026-05-18 15:20:58.500071002+00:00,2026-05-18 15:20:58.500025149+00:00,0,8,19474,T,B,0,3.04,100,0,45853,4853574,CURR,EDGX.PITCH
2026-05-18 15:40:54.480122452+00:00,2026-05-18 15:40:54.480082757+00:00,0,8,19474,T,N,0,3.06,100,128,39695,5256986,CURR,EDGX.PITCH
2026-05-18 15:53:19.980329803+00:00,2026-05-18 15:53:19.980298181+00:00,0,8,19474,T,N,0,3.06,100,128,31622,5476427,CURR,EDGX.PITCH
2026-05-18 15:53:19.980489676+00:00,2026-05-18 15:53:19.980458959+00:00,0,8,19474,T,N,0,3.06,100,128,30717,5476428,CURR,EDGX.PITCH
2026-05-18 15:53:24.980302489+00:00,2026-05-18 15:53:24.980269527+00:00,0,8,19474,T,N,0,3.06,100,128,32962,5477813,CURR,EDGX.PITCH
2026-05-18 15:59:08.105870795+00:00,2026-05-18 15:59:08.105833138+00:00,0,8,19474,T,N,0,3.08,100,128,37657,5567203,CURR,EDGX.PITCH
2026-05-18 16:29:13.471441452+00:00,2026-05-18 16:29:13.471402424+00:00,0,8,19474,T,A,0,3.07,200,0,39028,6097948,CURR,EDGX.PITCH
2026-05-18 16:29:13.471448778+00:00,2026-05-18 16:29:13.471402424+00:00,0,8,19474,T,A,0,3.07,100,0,46354,6097949,CURR,EDGX.PITCH
2026-05-18 16:43:22.109040278+00:00,2026-05-18 16:43:22.109006668+00:00,0,8,19474,T,N,0,2.99,100,128,33610,6354176,CURR,EDGX.PITCH
2026-05-18 16:52:28.888373801+00:00,2026-05-18 16:52:28.888338495+00:00,0,8,19474,T,A,0,2.99,100,0,35306,6492798,CURR,EDGX.PITCH
2026-05-18 16:54:55.732748224+00:00,2026-05-18 16:54:55.732711075+00:00,0,8,19474,T,A,0,2.99,100,0,37149,6530874,CURR,EDGX.PITCH
2026-05-18 16:54:55.732766323+00:00,2026-05-18 16:54:55.732711075+00:00,0,8,19474,T,A,0,2.99,200,0,55248,6530875,CURR,EDGX.PITCH
2026-05-18 16:55:53.720974009+00:00,2026-05-18 16:55:53.720942388+00:00,0,8,19474,T,A,0,2.98,100,0,31621,6548339,CURR,EDGX.PITCH
2026-05-18 16:56:20.567748978+00:00,2026-05-18 16:56:20.567711964+00:00,0,8,19474,T,N,0,2.95,100,128,37014,6561413,CURR,EDGX.PITCH
2026-05-18 17:16:10.681534081+00:00,2026-05-18 17:16:10.681497230+00:00,0,8,19474,T,A,0,2.9,100,0,36851,6867295,CURR,EDGX.PITCH
2026-05-18 17:19:26.647973489+00:00,2026-05-18 17:19:26.647936511+00:00,0,8,19474,T,N,0,2.86,111,128,36978,6913510,CURR,EDGX.PITCH
2026-05-18 17:19:29.173767957+00:00,2026-05-18 17:19:29.173731737+00:00,0,8,19474,T,B,0,2.88,54,0,36220,6913967,CURR,EDGX.PITCH
2026-05-18 17:20:50.691356053+00:00,2026-05-18 17:20:50.691318074+00:00,0,8,19474,T,B,0,2.89,53,0,37979,6931927,CURR,EDGX.PITCH
2026-05-18 17:32:01.638355681+00:00,2026-05-18 17:32:01.638317505+00:00,0,8,19474,T,B,0,2.92,54,0,38176,7090051,CURR,EDGX.PITCH
2026-05-18 17:32:01.839181102+00:00,2026-05-18 17:32:01.839144985+00:00,0,8,19474,T,N,0,2.93,700,128,36117,7090110,CURR,EDGX.PITCH
2026-05-18 17:32:01.839194584+00:00,2026-05-18 17:32:01.839144985+00:00,0,8,19474,T,B,0,2.94,1282,0,49599,7090111,CURR,EDGX.PITCH
2026-05-18 17:32:01.839277668+00:00,2026-05-18 17:32:01.839234521+00:00,0,8,19474,T,B,0,2.94,700,0,43147,7090117,CURR,EDGX.PITCH
2026-05-18 17:32:01.839437431+00:00,2026-05-18 17:32:01.839407341+00:00,0,8,19474,T,B,0,2.94,7,0,30090,7090125,CURR,EDGX.PITCH
2026-05-18 17:32:59.891795603+00:00,2026-05-18 17:32:59.891758989+00:00,0,8,19474,T,N,0,2.955,200,128,36614,7105546,CURR,EDGX.PITCH
2026-05-18 17:38:04.873417932+00:00,2026-05-18 17:38:04.873383252+00:00,0,8,19474,T,N,0,2.97,100,128,34680,7181036,CURR,EDGX.PITCH
2026-05-18 17:54:19.024077240+00:00,2026-05-18 17:54:19.024043925+00:00,0,8,19474,T,N,0,2.88,100,128,33315,7387906,CURR,EDGX.PITCH
2026-05-18 18:16:20.265227074+00:00,2026-05-18 18:16:20.265194019+00:00,0,8,19474,T,N,0,2.765,4,128,33055,7700357,CURR,EDGX.PITCH
2026-05-18 18:16:28.763991375+00:00,2026-05-18 18:16:28.763956033+00:00,0,8,19474,T,N,0,2.765,13,128,35342,7703501,CURR,EDGX.PITCH
2026-05-18 18:42:55.151411627+00:00,2026-05-18 18:42:55.151376523+00:00,0,8,19474,T,N,0,2.765,100,128,35104,8117909,CURR,EDGX.PITCH
2026-05-18 18:44:09.847285050+00:00,2026-05-18 18:44:09.847246268+00:00,0,8,19474,T,A,0,2.76,12,0,38782,8134739,CURR,EDGX.PITCH
2026-05-18 18:44:51.220607967+00:00,2026-05-18 18:44:51.220574157+00:00,0,8,19474,T,N,0,2.74,65,128,33810,8150083,CURR,EDGX.PITCH
2026-05-18 19:01:28.244003260+00:00,2026-05-18 19:01:28.243966494+00:00,0,8,19474,T,B,0,2.77,25,0,36766,8449751,CURR,EDGX.PITCH
2026-05-18 19:03:48.065954711+00:00,2026-05-18 19:03:48.065922602+00:00,0,8,19474,T,N,0,2.78,100,128,32109,8600531,CURR,EDGX.PITCH
2026-05-18 19:03:48.111052086+00:00,2026-05-18 19:03:48.111017478+00:00,0,8,19474,T,A,0,2.77,1456,0,34608,8600581,CURR,EDGX.PITCH
2026-05-18 19:03:48.111069633+00:00,2026-05-18 19:03:48.111037155+00:00,0,8,19474,T,A,0,2.77,1657,0,32478,8600582,CURR,EDGX.PITCH
2026-05-18 19:03:48.111076798+00:00,2026-05-18 19:03:48.111046993+00:00,0,8,19474,T,A,0,2.77,1387,0,29805,8600583,CURR,EDGX.PITCH
2026-05-18 19:20:29.757687201+00:00,2026-05-18 19:20:29.757650076+00:00,0,8,19474,T,N,0,2.74,100,128,37125,8957317,CURR,EDGX.PITCH
2026-05-18 19:26:27.339969600+00:00,2026-05-18 19:26:27.339937568+00:00,0,8,19474,T,N,0,2.74,100,128,32032,9069752,CURR,EDGX.PITCH
2026-05-18 19:56:29.176610753+00:00,2026-05-18 19:56:29.176571794+00:00,0,8,19474,T,A,0,2.72,100,0,38959,9790908,CURR,EDGX.PITCH
2026-05-18 19:56:29.176842497+00:00,2026-05-18 19:56:29.176809936+00:00,0,8,19474,T,N,0,2.73,100,128,32561,9790917,CURR,EDGX.PITCH
2026-05-18 19:56:29.176925969+00:00,2026-05-18 19:56:29.176891387+00:00,0,8,19474,T,N,0,2.73,70,128,34582,9790918,CURR,EDGX.PITCH
2026-05-18 19:58:48.027508354+00:00,2026-05-18 19:58:48.027475526+00:00,0,8,19474,T,B,0,2.73,19,0,32828,9873819,CURR,EDGX.PITCH
2026-05-18 19:58:48.316276340+00:00,2026-05-18 19:58:48.316241791+00:00,0,8,19474,T,N,0,2.73,25,128,34549,9873990,CURR,EDGX.PITCH
2026-05-18 19:58:49.982165915+00:00,2026-05-18 19:58:49.982132615+00:00,0,8,19474,T,B,0,2.74,9,0,33300,9875272,CURR,EDGX.PITCH
2026-05-18 19:58:49.982399872+00:00,2026-05-18 19:58:49.982368192+00:00,0,8,19474,T,B,0,2.74,16,0,31680,9875273,CURR,EDGX.PITCH
2026-05-18 20:24:51.438624202+00:00,2026-05-18 20:24:51.438579220+00:00,0,8,19474,T,N,0,2.94,1,128,44982,9974894,CURR,EDGX.PITCH
2026-05-18 20:35:01.041204344+00:00,2026-05-18 20:35:01.041157293+00:00,0,8,19474,T,A,0,2.78,1,0,47051,9982165,CURR,EDGX.PITCH
2026-05-18 22:54:11.331673438+00:00,2026-05-18 22:54:11.331630096+00:00,0,8,19474,T,A,0,2.7,40,0,43342,10033379,CURR,EDGX.PITCH
2026-05-18 13:31:31.355513199+00:00,2026-05-18 13:31:31.355423374+00:00,0,38,19474,T,N,0,3.59,100,192,26876,3645932,CURR,IEXG.TOPS
2026-05-18 13:31:31.355540213+00:00,2026-05-18 13:31:31.355423374+00:00,0,38,19474,T,N,0,3.58,300,192,25928,3645934,CURR,IEXG.TOPS
2026-05-18 13:31:31.359137624+00:00,2026-05-18 13:31:31.359065092+00:00,0,38,19474,T,N,0,3.57,100,192,25718,3645968,CURR,IEXG.TOPS
2026-05-18 13:31:31.359611978+00:00,2026-05-18 13:31:31.359526427+00:00,0,38,19474,T,N,0,3.57,100,192,26062,3645974,CURR,IEXG.TOPS
2026-05-18 13:36:03.308128571+00:00,2026-05-18 13:36:03.308026314+00:00,0,38,19474,T,N,0,3.42,100,192,27063,10441521,CURR,IEXG.TOPS
2026-05-18 13:36:03.308183064+00:00,2026-05-18 13:36:03.308078317+00:00,0,38,19474,T,N,0,3.42,500,192,26423,10441532,CURR,IEXG.TOPS
2026-05-18 13:40:20.674296255+00:00,2026-05-18 13:40:20.674201111+00:00,0,38,19474,T,N,0,3.33,100,192,26653,18736462,CURR,IEXG.TOPS
2026-05-18 13:40:20.674746023+00:00,2026-05-18 13:40:20.674671669+00:00,0,38,19474,T,N,0,3.33,100,192,27364,18736471,CURR,IEXG.TOPS
2026-05-18 13:40:20.678201560+00:00,2026-05-18 13:40:20.678100690+00:00,0,38,19474,T,N,0,3.335,100,192,26755,18736520,CURR,IEXG.TOPS
2026-05-18 13:40:20.678222747+00:00,2026-05-18 13:40:20.678100690+00:00,0,38,19474,T,N,0,3.34,100,192,26503,18736521,CURR,IEXG.TOPS
2026-05-18 13:40:20.678747472+00:00,2026-05-18 13:40:20.678673516+00:00,0,38,19474,T,N,0,3.35,50,192,26530,18736543,CURR,IEXG.TOPS
2026-05-18 13:40:20.678769673+00:00,2026-05-18 13:40:20.678681232+00:00,0,38,19474,T,N,0,3.35,550,192,26363,18736546,CURR,IEXG.TOPS
2026-05-18 13:40:20.679424361+00:00,2026-05-18 13:40:20.679343728+00:00,0,38,19474,T,N,0,3.35,200,192,26148,18736572,CURR,IEXG.TOPS
2026-05-18 13:40:31.923329815+00:00,2026-05-18 13:40:31.923248481+00:00,0,38,19474,T,N,0,3.34,100,192,26881,19082826,CURR,IEXG.TOPS
2026-05-18 13:45:12.593035011+00:00,2026-05-18 13:45:12.592946152+00:00,0,38,19474,T,N,0,3.27,100,192,26903,29568089,CURR,IEXG.TOPS
2026-05-18 13:45:12.593909063+00:00,2026-05-18 13:45:12.593788815+00:00,0,38,19474,T,N,0,3.24,200,192,26460,29568116,CURR,IEXG.TOPS
2026-05-18 13:46:37.580943753+00:00,2026-05-18 13:46:37.580848659+00:00,0,38,19474,T,N,0,3.255,100,192,27580,33167313,CURR,IEXG.TOPS
2026-05-18 13:55:08.235042328+00:00,2026-05-18 13:55:08.234938828+00:00,0,38,19474,T,N,0,3.2,100,192,30891,50375240,CURR,IEXG.TOPS
2026-05-18 13:57:36.901643877+00:00,2026-05-18 13:57:36.901535862+00:00,0,38,19474,T,N,0,3.06,100,192,26481,54561184,CURR,IEXG.TOPS
2026-05-18 13:57:37.540041301+00:00,2026-05-18 13:57:37.539955200+00:00,0,38,19474,T,N,0,3.05,100,192,27167,54582077,CURR,IEXG.TOPS
2026-05-18 13:57:40.446338552+00:00,2026-05-18 13:57:40.446249821+00:00,0,38,19474,T,N,0,3.03,200,192,28335,54684540,CURR,IEXG.TOPS
2026-05-18 13:57:41.752313061+00:00,2026-05-18 13:57:41.752186223+00:00,0,38,19474,T,N,0,3.03,100,192,27619,54746925,CURR,IEXG.TOPS
2026-05-18 13:58:09.232760136+00:00,2026-05-18 13:58:09.232663639+00:00,0,38,19474,T,N,0,3.01,300,192,27732,55431537,CURR,IEXG.TOPS
2026-05-18 14:00:50.951762850+00:00,2026-05-18 14:00:50.951651399+00:00,0,38,19474,T,N,0,2.96,100,192,27424,59967643,CURR,IEXG.TOPS
2026-05-18 14:00:50.964169985+00:00,2026-05-18 14:00:50.964090369+00:00,0,38,19474,T,N,0,2.96,100,192,26488,59967773,CURR,IEXG.TOPS
2026-05-18 14:05:21.854776469+00:00,2026-05-18 14:05:21.854676981+00:00,0,38,19474,T,N,0,3.085,100,192,27466,68019646,CURR,IEXG.TOPS
2026-05-18 14:05:43.025898464+00:00,2026-05-18 14:05:43.025230288+00:00,0,38,19474,T,N,0,3.1,100,192,30921,68771349,CURR,IEXG.TOPS
2026-05-18 14:09:45.911475956+00:00,2026-05-18 14:09:45.911369303+00:00,0,38,19474,T,N,0,3.09,100,192,27333,77533262,CURR,IEXG.TOPS
2026-05-18 14:09:45.911939270+00:00,2026-05-18 14:09:45.911867141+00:00,0,38,19474,T,N,0,3.09,100,192,25779,77533269,CURR,IEXG.TOPS
2026-05-18 14:09:45.912407865+00:00,2026-05-18 14:09:45.912320597+00:00,0,38,19474,T,N,0,3.09,100,192,25895,77533272,CURR,IEXG.TOPS
2026-05-18 14:10:35.410662895+00:00,2026-05-18 14:10:35.410584497+00:00,0,38,19474,T,N,0,3.15,100,192,26870,79320025,CURR,IEXG.TOPS
2026-05-18 14:10:35.411122193+00:00,2026-05-18 14:10:35.411050876+00:00,0,38,19474,T,N,0,3.15,300,192,26324,79320030,CURR,IEXG.TOPS
2026-05-18 14:10:35.415555065+00:00,2026-05-18 14:10:35.415482439+00:00,0,38,19474,T,N,0,3.15,200,192,26667,79320093,CURR,IEXG.TOPS
2026-05-18 14:10:35.416024514+00:00,2026-05-18 14:10:35.415953149+00:00,0,38,19474,T,N,0,3.15,300,192,26267,79320105,CURR,IEXG.TOPS
2026-05-18 14:10:35.419820743+00:00,2026-05-18 14:10:35.419744373+00:00,0,38,19474,T,N,0,3.15,300,192,30176,79320208,CURR,IEXG.TOPS
2026-05-18 14:10:35.420647356+00:00,2026-05-18 14:10:35.420574351+00:00,0,38,19474,T,N,0,3.15,100,192,26880,79320225,CURR,IEXG.TOPS
2026-05-18 14:10:35.423001598+00:00,2026-05-18 14:10:35.422927345+00:00,0,38,19474,T,N,0,3.14,700,192,26488,79320368,CURR,IEXG.TOPS
2026-05-18 14:10:35.423572319+00:00,2026-05-18 14:10:35.423497507+00:00,0,38,19474,T,N,0,3.14,1782,192,27355,79320380,CURR,IEXG.TOPS
2026-05-18 14:10:35.463346820+00:00,2026-05-18 14:10:35.463267458+00:00,0,38,19474,T,N,0,3.14,100,192,26384,79321203,CURR,IEXG.TOPS
2026-05-18 14:10:38.407847897+00:00,2026-05-18 14:10:38.407763996+00:00,0,38,19474,T,N,0,3.15,100,192,26846,79435778,CURR,IEXG.TOPS
2026-05-18 14:15:29.052176540+00:00,2026-05-18 14:15:29.052047745+00:00,0,38,19474,T,N,0,3.18,100,192,28214,88646854,CURR,IEXG.TOPS
2026-05-18 14:15:29.052631998+00:00,2026-05-18 14:15:29.052559267+00:00,0,38,19474,T,N,0,3.18,100,192,26453,88646886,CURR,IEXG.TOPS
2026-05-18 14:15:29.053098766+00:00,2026-05-18 14:15:29.053009162+00:00,0,38,19474,T,N,0,3.18,100,192,26653,88646906,CURR,IEXG.TOPS
2026-05-18 14:15:29.053567405+00:00,2026-05-18 14:15:29.053476770+00:00,0,38,19474,T,N,0,3.18,100,192,26150,88646928,CURR,IEXG.TOPS
2026-05-18 14:31:39.823534533+00:00,2026-05-18 14:31:39.823423595+00:00,0,38,19474,T,N,0,3.03,49,192,27077,114579816,CURR,IEXG.TOPS
2026-05-18 14:31:39.823553035+00:00,2026-05-18 14:31:39.823423595+00:00,0,38,19474,T,N,0,3.03,100,192,25658,114579817,CURR,IEXG.TOPS
2026-05-18 14:31:53.543851208+00:00,2026-05-18 14:31:53.543762448+00:00,0,38,19474,T,N,0,3.035,100,192,28460,114848200,CURR,IEXG.TOPS
2026-05-18 14:32:23.047228942+00:00,2026-05-18 14:32:23.047102818+00:00,0,38,19474,T,N,0,3.06,100,192,26015,115742425,CURR,IEXG.TOPS
2026-05-18 15:04:38.881710498+00:00,2026-05-18 15:04:38.881578937+00:00,0,38,19474,T,N,0,3.07,100,192,27805,173494485,CURR,IEXG.TOPS
2026-05-18 15:04:39.408690903+00:00,2026-05-18 15:04:39.408603958+00:00,0,38,19474,T,N,0,3.08,100,192,27242,173505312,CURR,IEXG.TOPS
2026-05-18 15:04:39.409173346+00:00,2026-05-18 15:04:39.409085173+00:00,0,38,19474,T,N,0,3.08,100,192,26247,173505332,CURR,IEXG.TOPS
2026-05-18 15:04:41.551248839+00:00,2026-05-18 15:04:41.551136734+00:00,0,38,19474,T,N,0,3.08,100,192,27603,173598511,CURR,IEXG.TOPS
2026-05-18 15:08:57.575507566+00:00,2026-05-18 15:08:57.575412250+00:00,0,38,19474,T,N,0,3.1,100,192,26736,180415020,CURR,IEXG.TOPS
2026-05-18 15:19:15.505831958+00:00,2026-05-18 15:19:15.505730996+00:00,0,38,19474,T,N,0,3.02,600,192,27258,194371918,CURR,IEXG.TOPS
2026-05-18 15:19:15.652415491+00:00,2026-05-18 15:19:15.652322113+00:00,0,38,19474,T,N,0,2.99,100,192,26478,194377815,CURR,IEXG.TOPS
2026-05-18 15:19:16.653707887+00:00,2026-05-18 15:19:16.653564389+00:00,0,38,19474,T,N,0,2.99,100,192,26949,194415574,CURR,IEXG.TOPS
2026-05-18 15:19:17.283150659+00:00,2026-05-18 15:19:17.283069815+00:00,0,38,19474,T,N,0,2.99,100,192,26658,194430885,CURR,IEXG.TOPS
2026-05-18 15:19:17.500799260+00:00,2026-05-18 15:19:17.500715180+00:00,0,38,19474,T,N,0,2.985,75,192,27112,194437192,CURR,IEXG.TOPS
2026-05-18 15:19:18.279249224+00:00,2026-05-18 15:19:18.279139211+00:00,0,38,19474,T,N,0,2.985,25,192,33874,194461969,CURR,IEXG.TOPS
2026-05-18 15:20:56.518936843+00:00,2026-05-18 15:20:56.518822300+00:00,0,38,19474,T,N,0,3.03,100,192,28142,197203094,CURR,IEXG.TOPS
2026-05-18 15:40:54.480320364+00:00,2026-05-18 15:40:54.480224937+00:00,0,38,19474,T,N,0,3.06,100,192,26956,220507803,CURR,IEXG.TOPS
2026-05-18 15:40:54.480987273+00:00,2026-05-18 15:40:54.480914539+00:00,0,38,19474,T,N,0,3.07,100,192,27125,220507806,CURR,IEXG.TOPS
2026-05-18 15:40:54.481462476+00:00,2026-05-18 15:40:54.481379363+00:00,0,38,19474,T,N,0,3.07,100,192,26453,220507810,CURR,IEXG.TOPS
2026-05-18 16:40:28.671166157+00:00,2026-05-18 16:40:28.671085843+00:00,0,38,19474,T,N,0,3.015,100,192,26596,278053301,CURR,IEXG.TOPS
2026-05-18 16:40:28.678898341+00:00,2026-05-18 16:40:28.678824419+00:00,0,38,19474,T,N,0,3.015,100,192,26219,278053349,CURR,IEXG.TOPS
2026-05-18 16:43:22.109114750+00:00,2026-05-18 16:43:22.108948964+00:00,0,38,19474,T,N,0,2.99,100,192,26814,280259983,CURR,IEXG.TOPS
2026-05-18 16:54:55.733247402+00:00,2026-05-18 16:54:55.733112893+00:00,0,38,19474,T,N,0,3.0,100,192,26216,289326696,CURR,IEXG.TOPS
2026-05-18 16:56:23.715780653+00:00,2026-05-18 16:56:23.715697577+00:00,0,38,19474,T,N,0,2.94,45,192,27716,290869815,CURR,IEXG.TOPS
2026-05-18 17:16:12.554459515+00:00,2026-05-18 17:16:12.554374868+00:00,0,38,19474,T,N,0,2.85,22,192,27058,307030845,CURR,IEXG.TOPS
2026-05-18 17:16:38.996046139+00:00,2026-05-18 17:16:38.995957295+00:00,0,38,19474,T,N,0,2.87,100,192,26335,307582855,CURR,IEXG.TOPS
2026-05-18 17:18:48.817043250+00:00,2026-05-18 17:18:48.816947444+00:00,0,38,19474,T,N,0,2.84,100,192,27512,308993645,CURR,IEXG.TOPS
2026-05-18 17:59:52.572686581+00:00,2026-05-18 17:59:52.572581343+00:00,0,38,19474,T,N,0,2.84,100,192,27001,336706086,CURR,IEXG.TOPS
2026-05-18 18:07:12.697417976+00:00,2026-05-18 18:07:12.697335038+00:00,0,38,19474,T,N,0,2.82,27,192,27398,343130990,CURR,IEXG.TOPS
2026-05-18 18:15:34.658532515+00:00,2026-05-18 18:15:34.658449148+00:00,0,38,19474,T,N,0,2.72,100,192,26939,349152857,CURR,IEXG.TOPS
2026-05-18 18:16:20.264472085+00:00,2026-05-18 18:16:20.264378376+00:00,0,38,19474,T,N,0,2.77,100,192,27545,349804871,CURR,IEXG.TOPS
2026-05-18 18:17:24.444041466+00:00,2026-05-18 18:17:24.443912891+00:00,0,38,19474,T,N,0,2.77,100,192,27930,350837962,CURR,IEXG.TOPS
2026-05-18 18:17:25.051810822+00:00,2026-05-18 18:17:25.051711140+00:00,0,38,19474,T,N,0,2.77,2,192,27392,350842664,CURR,IEXG.TOPS
2026-05-18 18:19:46.322086315+00:00,2026-05-18 18:19:46.321988969+00:00,0,38,19474,T,N,0,2.77,47,192,27117,352776029,CURR,IEXG.TOPS
2026-05-18 18:22:16.694590748+00:00,2026-05-18 18:22:16.694489205+00:00,0,38,19474,T,N,0,2.77,47,192,27693,355057798,CURR,IEXG.TOPS
2026-05-18 18:25:07.312462855+00:00,2026-05-18 18:25:07.312352555+00:00,0,38,19474,T,N,0,2.77,4,192,27881,357547077,CURR,IEXG.TOPS
2026-05-18 18:27:30.566486206+00:00,2026-05-18 18:27:30.566382691+00:00,0,38,19474,T,N,0,2.77,100,192,27047,360218487,CURR,IEXG.TOPS
2026-05-18 18:44:51.219486109+00:00,2026-05-18 18:44:51.219386699+00:00,0,38,19474,T,N,0,2.74,100,192,27069,374566666,CURR,IEXG.TOPS
2026-05-18 18:45:00.564941891+00:00,2026-05-18 18:45:00.564860894+00:00,0,38,19474,T,N,0,2.73,69,192,26116,374685024,CURR,IEXG.TOPS
2026-05-18 19:03:51.822004425+00:00,2026-05-18 19:03:51.821863291+00:00,0,38,19474,T,N,0,2.76,100,192,27879,396423267,CURR,IEXG.TOPS
2026-05-18 19:26:27.340309239+00:00,2026-05-18 19:26:27.340143866+00:00,0,38,19474,T,N,0,2.74,100,192,27169,419889767,CURR,IEXG.TOPS
2026-05-18 19:52:09.620336475+00:00,2026-05-18 19:52:09.620254194+00:00,0,38,19474,T,N,0,2.73,13,192,27710,436864653,CURR,IEXG.TOPS
2026-05-18 19:53:44.472795375+00:00,2026-05-18 19:53:44.472711351+00:00,0,38,19474,T,N,0,2.73,13,192,27062,437969186,CURR,IEXG.TOPS
2026-05-18 19:53:55.000595449+00:00,2026-05-18 19:53:55.000511091+00:00,0,38,19474,T,N,0,2.73,3,192,28782,438072418,CURR,IEXG.TOPS
2026-05-18 19:56:29.176487759+00:00,2026-05-18 19:56:29.176399778+00:00,0,38,19474,T,N,0,2.73,200,192,27338,440620453,CURR,IEXG.TOPS
2026-05-18 19:58:00.099775997+00:00,2026-05-18 19:58:00.099683297+00:00,0,38,19474,T,N,0,2.72,1,192,27180,441892312,CURR,IEXG.TOPS
2026-05-18 19:58:48.316732106+00:00,2026-05-18 19:58:48.316603896+00:00,0,38,19474,T,N,0,2.73,70,192,26963,442573331,CURR,IEXG.TOPS
2026-05-18 19:59:00.105053689+00:00,2026-05-18 19:59:00.104951023+00:00,0,38,19474,T,N,0,2.74,1,192,27521,442774330,CURR,IEXG.TOPS
2026-05-18 19:59:45.033705580+00:00,2026-05-18 19:59:45.033625995+00:00,0,38,19474,T,N,0,2.74,50,192,27126,443741393,CURR,IEXG.TOPS
2026-05-18 13:31:31.355643108+00:00,2026-05-18 13:31:31.355613375+00:00,0,15,19474,T,N,0,3.59,100,128,0,17213780,CURR,MEMX.MEMOIR
2026-05-18 13:31:31.360031459+00:00,2026-05-18 13:31:31.360005102+00:00,0,15,19474,T,N,0,3.56,80,128,0,17213821,CURR,MEMX.MEMOIR
2026-05-18 13:31:31.364129846+00:00,2026-05-18 13:31:31.364104656+00:00,0,15,19474,T,N,0,3.56,80,128,0,17213870,CURR,MEMX.MEMOIR
2026-05-18 13:31:31.377531197+00:00,2026-05-18 13:31:31.377505924+00:00,0,15,19474,T,N,0,3.56,80,128,0,17214260,CURR,MEMX.MEMOIR
2026-05-18 13:33:09.094961615+00:00,2026-05-18 13:33:09.094927862+00:00,0,15,19474,T,A,0,3.5,100,0,0,19068096,CURR,MEMX.MEMOIR
2026-05-18 13:36:03.307560020+00:00,2026-05-18 13:36:03.307532572+00:00,0,15,19474,T,N,0,3.42,100,128,0,22300860,CURR,MEMX.MEMOIR
2026-05-18 13:38:42.201232575+00:00,2026-05-18 13:38:42.201195870+00:00,0,15,19474,T,A,0,3.43,100,0,0,25538180,CURR,MEMX.MEMOIR
2026-05-18 13:38:42.201397877+00:00,2026-05-18 13:38:42.201363204+00:00,0,15,19474,T,B,0,3.44,937,0,0,25538186,CURR,MEMX.MEMOIR
2026-05-18 13:38:52.667088085+00:00,2026-05-18 13:38:52.667052596+00:00,0,15,19474,T,A,0,3.43,100,0,0,25765080,CURR,MEMX.MEMOIR
2026-05-18 13:39:16.971434957+00:00,2026-05-18 13:39:16.971400125+00:00,0,15,19474,T,A,0,3.43,100,0,0,26270847,CURR,MEMX.MEMOIR
2026-05-18 13:39:41.168481643+00:00,2026-05-18 13:39:41.168445976+00:00,0,15,19474,T,A,0,3.43,100,0,0,26674961,CURR,MEMX.MEMOIR
2026-05-18 13:39:47.732333781+00:00,2026-05-18 13:39:47.732303652+00:00,0,15,19474,T,A,0,3.43,637,0,0,26784643,CURR,MEMX.MEMOIR
2026-05-18 13:40:20.673860798+00:00,2026-05-18 13:40:20.673829373+00:00,0,15,19474,T,N,0,3.33,80,128,0,27557550,CURR,MEMX.MEMOIR
2026-05-18 13:40:20.677828486+00:00,2026-05-18 13:40:20.677798676+00:00,0,15,19474,T,N,0,3.33,20,0,0,27557576,CURR,MEMX.MEMOIR
2026-05-18 13:40:20.677828486+00:00,2026-05-18 13:40:20.677798676+00:00,0,15,19474,T,N,0,3.33,60,128,0,27557577,CURR,MEMX.MEMOIR
2026-05-18 13:40:20.678269917+00:00,2026-05-18 13:40:20.678241424+00:00,0,15,19474,T,N,0,3.335,40,0,0,27557588,CURR,MEMX.MEMOIR
2026-05-18 13:40:20.678269917+00:00,2026-05-18 13:40:20.678241424+00:00,0,15,19474,T,N,0,3.34,60,128,0,27557589,CURR,MEMX.MEMOIR
2026-05-18 13:40:20.678707900+00:00,2026-05-18 13:40:20.678682064+00:00,0,15,19474,T,N,0,3.34,25,128,0,27557600,CURR,MEMX.MEMOIR
2026-05-18 13:45:12.593262278+00:00,2026-05-18 13:45:12.593231719+00:00,0,15,19474,T,N,0,3.27,100,128,0,34033396,CURR,MEMX.MEMOIR
2026-05-18 13:49:16.496714432+00:00,2026-05-18 13:49:16.496684961+00:00,0,15,19474,T,N,0,3.15,100,128,0,39729686,CURR,MEMX.MEMOIR
2026-05-18 13:56:45.049098968+00:00,2026-05-18 13:56:45.049068059+00:00,0,15,19474,T,A,0,3.14,100,0,0,47491964,CURR,MEMX.MEMOIR
2026-05-18 13:57:36.901195145+00:00,2026-05-18 13:57:36.901151920+00:00,0,15,19474,T,N,0,3.045,80,128,0,48360197,CURR,MEMX.MEMOIR
2026-05-18 13:59:53.144330935+00:00,2026-05-18 13:59:53.144300179+00:00,0,15,19474,T,A,0,3.0,423,0,0,50530293,CURR,MEMX.MEMOIR
2026-05-18 14:05:21.860762178+00:00,2026-05-18 14:05:21.860728505+00:00,0,15,19474,T,N,0,3.085,100,128,0,55633602,CURR,MEMX.MEMOIR
2026-05-18 14:10:38.407371356+00:00,2026-05-18 14:10:38.407332661+00:00,0,15,19474,T,N,0,3.15,80,0,0,61615430,CURR,MEMX.MEMOIR
2026-05-18 14:10:38.407371356+00:00,2026-05-18 14:10:38.407332661+00:00,0,15,19474,T,B,0,3.16,140,0,0,61615431,CURR,MEMX.MEMOIR
2026-05-18 14:21:26.221884816+00:00,2026-05-18 14:21:26.221848579+00:00,0,15,19474,T,N,0,3.03,7,128,0,71366572,CURR,MEMX.MEMOIR
2026-05-18 15:04:39.400557320+00:00,2026-05-18 15:04:39.400526201+00:00,0,15,19474,T,N,0,3.075,100,128,0,112343988,CURR,MEMX.MEMOIR
2026-05-18 15:04:39.408797696+00:00,2026-05-18 15:04:39.408772117+00:00,0,15,19474,T,N,0,3.075,100,128,0,112344084,CURR,MEMX.MEMOIR
2026-05-18 15:19:15.647530359+00:00,2026-05-18 15:19:15.647474878+00:00,0,15,19474,T,A,0,3.0,300,0,0,124154033,CURR,MEMX.MEMOIR
2026-05-18 15:20:50.642098401+00:00,2026-05-18 15:20:50.642067216+00:00,0,15,19474,T,N,0,3.015,75,128,0,125671440,CURR,MEMX.MEMOIR
2026-05-18 15:23:28.201482198+00:00,2026-05-18 15:23:28.201440693+00:00,0,15,19474,T,N,0,3.11,80,0,0,127538064,CURR,MEMX.MEMOIR
2026-05-18 15:23:28.201482198+00:00,2026-05-18 15:23:28.201440693+00:00,0,15,19474,T,N,0,3.11,120,128,0,127538065,CURR,MEMX.MEMOIR
2026-05-18 15:29:09.457699305+00:00,2026-05-18 15:29:09.457662509+00:00,0,15,19474,T,N,0,3.09,200,128,0,131317178,CURR,MEMX.MEMOIR
2026-05-18 15:29:09.457848521+00:00,2026-05-18 15:29:09.457822018+00:00,0,15,19474,T,N,0,3.09,80,128,0,131317182,CURR,MEMX.MEMOIR
2026-05-18 15:40:54.480041742+00:00,2026-05-18 15:40:54.480013192+00:00,0,15,19474,T,N,0,3.06,100,128,0,139026941,CURR,MEMX.MEMOIR
2026-05-18 15:41:35.104062440+00:00,2026-05-18 15:41:35.104029499+00:00,0,15,19474,T,N,0,3.1,100,128,0,139409175,CURR,MEMX.MEMOIR
2026-05-18 15:43:08.738559988+00:00,2026-05-18 15:43:08.738530020+00:00,0,15,19474,T,N,0,3.1,100,128,0,140226267,CURR,MEMX.MEMOIR
2026-05-18 15:51:10.463178496+00:00,2026-05-18 15:51:10.463142150+00:00,0,15,19474,T,N,0,3.1,80,0,0,144477802,CURR,MEMX.MEMOIR
2026-05-18 15:51:10.463178496+00:00,2026-05-18 15:51:10.463142150+00:00,0,15,19474,T,N,0,3.1,20,128,0,144477803,CURR,MEMX.MEMOIR
2026-05-18 15:53:19.980493585+00:00,2026-05-18 15:53:19.980464006+00:00,0,15,19474,T,N,0,3.06,100,128,0,145509010,CURR,MEMX.MEMOIR
2026-05-18 15:53:32.116438081+00:00,2026-05-18 15:53:32.116399832+00:00,0,15,19474,T,A,0,3.05,100,0,0,145629769,CURR,MEMX.MEMOIR
2026-05-18 16:03:35.952722485+00:00,2026-05-18 16:03:35.952684354+00:00,0,15,19474,T,N,0,3.1,80,0,0,150724395,CURR,MEMX.MEMOIR
2026-05-18 16:03:35.952722485+00:00,2026-05-18 16:03:35.952684354+00:00,0,15,19474,T,N,0,3.105,20,128,0,150724396,CURR,MEMX.MEMOIR
2026-05-18 16:30:15.280835597+00:00,2026-05-18 16:30:15.280805506+00:00,0,15,19474,T,N,0,3.03,80,128,0,165695654,CURR,MEMX.MEMOIR
2026-05-18 16:38:55.248385601+00:00,2026-05-18 16:38:55.248352633+00:00,0,15,19474,T,A,0,3.0,59,0,0,171264189,CURR,MEMX.MEMOIR
2026-05-18 16:43:18.718026046+00:00,2026-05-18 16:43:18.717977187+00:00,0,15,19474,T,A,0,3.0,9,0,0,173301164,CURR,MEMX.MEMOIR
2026-05-18 16:43:19.704905618+00:00,2026-05-18 16:43:19.704872125+00:00,0,15,19474,T,A,0,3.0,1207,0,0,173309794,CURR,MEMX.MEMOIR
2026-05-18 16:44:22.426336010+00:00,2026-05-18 16:44:22.426302296+00:00,0,15,19474,T,N,0,2.995,15,128,0,173759504,CURR,MEMX.MEMOIR
2026-05-18 16:46:16.965917507+00:00,2026-05-18 16:46:16.965885861+00:00,0,15,19474,T,N,0,3.0,15,128,0,174650599,CURR,MEMX.MEMOIR
2026-05-18 16:48:41.342456687+00:00,2026-05-18 16:48:41.342417156+00:00,0,15,19474,T,N,0,3.0,70,128,0,175695255,CURR,MEMX.MEMOIR
2026-05-18 17:25:22.654594254+00:00,2026-05-18 17:25:22.654561009+00:00,0,15,19474,T,B,0,2.88,2205,0,0,192500345,CURR,MEMX.MEMOIR
2026-05-18 17:32:29.397340587+00:00,2026-05-18 17:32:29.397305163+00:00,0,15,19474,T,N,0,2.955,100,128,0,195187450,CURR,MEMX.MEMOIR
2026-05-18 18:43:41.986875373+00:00,2026-05-18 18:43:41.986838930+00:00,0,15,19474,T,A,0,2.77,100,0,0,226550905,CURR,MEMX.MEMOIR
2026-05-18 19:02:19.163349281+00:00,2026-05-18 19:02:19.163313107+00:00,0,15,19474,T,N,0,2.77,80,0,0,238073325,CURR,MEMX.MEMOIR
2026-05-18 19:02:19.163349281+00:00,2026-05-18 19:02:19.163313107+00:00,0,15,19474,T,B,0,2.79,20,0,0,238073326,CURR,MEMX.MEMOIR
2026-05-18 19:02:19.163402800+00:00,2026-05-18 19:02:19.163374457+00:00,0,15,19474,T,B,0,2.79,80,0,0,238073328,CURR,MEMX.MEMOIR
2026-05-18 19:16:26.321435342+00:00,2026-05-18 19:16:26.321399860+00:00,0,15,19474,T,N,0,2.76,100,128,0,249034540,CURR,MEMX.MEMOIR
2026-05-18 19:56:29.176643339+00:00,2026-05-18 19:56:29.176613158+00:00,0,15,19474,T,N,0,2.73,100,128,0,272864870,CURR,MEMX.MEMOIR
2026-05-18 19:56:29.176828584+00:00,2026-05-18 19:56:29.176802073+00:00,0,15,19474,T,N,0,2.73,20,128,0,272864872,CURR,MEMX.MEMOIR
2026-05-18 19:58:00.099330651+00:00,2026-05-18 19:58:00.099299082+00:00,0,15,19474,T,N,0,2.72,1,128,0,274139927,CURR,MEMX.MEMOIR
2026-05-18 13:31:31.355608917+00:00,2026-05-18 13:31:31.355378475+00:00,0,11,19474,T,N,0,3.59,100,0,199890,256378,CURR,XASE.PILLAR
2026-05-18 13:31:31.355608917+00:00,2026-05-18 13:31:31.355378475+00:00,0,11,19474,T,A,0,3.58,200,0,199890,256379,CURR,XASE.PILLAR
2026-05-18 13:31:31.357421316+00:00,2026-05-18 13:31:31.357210073+00:00,0,11,19474,T,N,0,3.58,70,128,199872,256380,CURR,XASE.PILLAR
2026-05-18 13:36:03.307760437+00:00,2026-05-18 13:36:03.307522342+00:00,0,11,19474,T,B,0,3.42,332,0,216645,414810,CURR,XASE.PILLAR
2026-05-18 13:36:03.307760872+00:00,2026-05-18 13:36:03.307533504+00:00,0,11,19474,T,B,0,3.42,25,0,205878,414811,CURR,XASE.PILLAR
2026-05-18 13:36:03.307768160+00:00,2026-05-18 13:36:03.307551033+00:00,0,11,19474,T,B,0,3.42,143,0,200328,414812,CURR,XASE.PILLAR
2026-05-18 13:40:20.677883769+00:00,2026-05-18 13:40:20.677652492+00:00,0,11,19474,T,N,0,3.33,100,0,200246,558771,CURR,XASE.PILLAR
2026-05-18 13:40:20.677883769+00:00,2026-05-18 13:40:20.677652492+00:00,0,11,19474,T,B,0,3.34,400,0,200246,558772,CURR,XASE.PILLAR
2026-05-18 13:40:20.678128800+00:00,2026-05-18 13:40:20.677911162+00:00,0,11,19474,T,B,0,3.34,100,0,199953,558773,CURR,XASE.PILLAR
2026-05-18 13:40:20.678140442+00:00,2026-05-18 13:40:20.677912077+00:00,0,11,19474,T,N,0,3.34,200,0,200168,558774,CURR,XASE.PILLAR
2026-05-18 13:40:20.678140442+00:00,2026-05-18 13:40:20.677912077+00:00,0,11,19474,T,N,0,3.34,100,128,200168,558775,CURR,XASE.PILLAR
2026-05-18 13:45:12.593952187+00:00,2026-05-18 13:45:12.593733730+00:00,0,11,19474,T,N,0,3.25,200,128,200731,732939,CURR,XASE.PILLAR
2026-05-18 13:57:36.901531337+00:00,2026-05-18 13:57:36.901312733+00:00,0,11,19474,T,N,0,3.045,70,128,199354,1139800,CURR,XASE.PILLAR
2026-05-18 13:57:37.219183889+00:00,2026-05-18 13:57:37.218964538+00:00,0,11,19474,T,N,0,3.04,70,128,199497,1139957,CURR,XASE.PILLAR
2026-05-18 15:04:39.400584877+00:00,2026-05-18 15:04:39.400368591+00:00,0,11,19474,T,N,0,3.075,25,128,200513,2102622,CURR,XASE.PILLAR
2026-05-18 15:04:39.409130608+00:00,2026-05-18 15:04:39.408918946+00:00,0,11,19474,T,N,0,3.08,25,128,200483,2102625,CURR,XASE.PILLAR
2026-05-18 15:04:41.551314220+00:00,2026-05-18 15:04:41.551096822+00:00,0,11,19474,T,N,0,3.08,25,128,200504,2103250,CURR,XASE.PILLAR
2026-05-18 15:19:15.028289348+00:00,2026-05-18 15:19:15.028069744+00:00,0,11,19474,T,B,0,3.07,400,0,200170,2261526,CURR,XASE.PILLAR
2026-05-18 15:19:15.028536927+00:00,2026-05-18 15:19:15.028322576+00:00,0,11,19474,T,N,0,3.07,70,128,200095,2261528,CURR,XASE.PILLAR
2026-05-18 15:19:15.128565774+00:00,2026-05-18 15:19:15.128344252+00:00,0,11,19474,T,A,0,3.06,400,0,200190,2261554,CURR,XASE.PILLAR
2026-05-18 15:19:15.164635707+00:00,2026-05-18 15:19:15.164420377+00:00,0,11,19474,T,A,0,3.04,100,0,200221,2261558,CURR,XASE.PILLAR
2026-05-18 15:19:15.201404210+00:00,2026-05-18 15:19:15.201187876+00:00,0,11,19474,T,A,0,3.03,500,0,200176,2261567,CURR,XASE.PILLAR
