ts_recv,ts_event,rtype,publisher_id,instrument_id,action,side,depth,price,size,flags,ts_in_delta,sequence,symbol,dataset
2026-05-18 13:30:00.428470690+00:00,2026-05-18 13:30:00.428264473+00:00,0,81,19474,T,N,0,3.58,1596,128,206217,1966192,CURR,XNAS.BASIC
2026-05-18 13:30:00.588757689+00:00,2026-05-18 13:30:00.588532866+00:00,0,81,19474,T,N,0,3.58,99,0,224823,2014278,CURR,XNAS.BASIC
2026-05-18 13:30:00.588757689+00:00,2026-05-18 13:30:00.588533265+00:00,0,81,19474,T,N,0,3.58,4,0,224424,2014279,CURR,XNAS.BASIC
2026-05-18 13:30:00.588757689+00:00,2026-05-18 13:30:00.588533455+00:00,0,81,19474,T,N,0,3.58,1,0,224234,2014280,CURR,XNAS.BASIC
2026-05-18 13:30:00.588757689+00:00,2026-05-18 13:30:00.588533944+00:00,0,81,19474,T,N,0,3.58,49,0,223745,2014281,CURR,XNAS.BASIC
2026-05-18 13:30:00.588757689+00:00,2026-05-18 13:30:00.588534098+00:00,0,81,19474,T,N,0,3.58,96,0,223591,2014282,CURR,XNAS.BASIC
2026-05-18 13:30:00.588757689+00:00,2026-05-18 13:30:00.588534492+00:00,0,81,19474,T,N,0,3.58,63,0,223197,2014283,CURR,XNAS.BASIC
2026-05-18 13:30:00.588757689+00:00,2026-05-18 13:30:00.588534707+00:00,0,81,19474,T,N,0,3.58,10,0,222982,2014284,CURR,XNAS.BASIC
2026-05-18 13:30:00.588757689+00:00,2026-05-18 13:30:00.588534971+00:00,0,81,19474,T,N,0,3.58,98,0,222718,2014285,CURR,XNAS.BASIC
2026-05-18 13:30:00.588757689+00:00,2026-05-18 13:30:00.588535178+00:00,0,81,19474,T,N,0,3.58,63,0,222511,2014286,CURR,XNAS.BASIC
2026-05-18 13:30:00.588757689+00:00,2026-05-18 13:30:00.588535516+00:00,0,81,19474,T,N,0,3.58,15,0,222173,2014287,CURR,XNAS.BASIC
2026-05-18 13:30:00.588757689+00:00,2026-05-18 13:30:00.588535834+00:00,0,81,19474,T,N,0,3.58,167,0,221855,2014288,CURR,XNAS.BASIC
2026-05-18 13:30:00.588757689+00:00,2026-05-18 13:30:00.588536046+00:00,0,81,19474,T,N,0,3.58,63,0,221643,2014289,CURR,XNAS.BASIC
2026-05-18 13:30:00.588757689+00:00,2026-05-18 13:30:00.588537309+00:00,0,81,19474,T,N,0,3.58,63,128,220380,2014290,CURR,XNAS.BASIC
2026-05-18 13:30:00.588759144+00:00,2026-05-18 13:30:00.588543009+00:00,0,81,19474,T,N,0,3.58,280,0,216135,2014291,CURR,XNAS.BASIC
2026-05-18 13:30:00.588759144+00:00,2026-05-18 13:30:00.588543344+00:00,0,81,19474,T,N,0,3.58,1,0,215800,2014292,CURR,XNAS.BASIC
2026-05-18 13:30:00.588759144+00:00,2026-05-18 13:30:00.588543687+00:00,0,81,19474,T,N,0,3.58,434,0,215457,2014293,CURR,XNAS.BASIC
2026-05-18 13:30:00.588759144+00:00,2026-05-18 13:30:00.588544021+00:00,0,81,19474,T,N,0,3.58,37,0,215123,2014294,CURR,XNAS.BASIC
2026-05-18 13:30:00.588759144+00:00,2026-05-18 13:30:00.588544450+00:00,0,81,19474,T,N,0,3.58,15,0,214694,2014295,CURR,XNAS.BASIC
2026-05-18 13:30:00.588759144+00:00,2026-05-18 13:30:00.588544685+00:00,0,81,19474,T,N,0,3.58,38,128,214459,2014296,CURR,XNAS.BASIC
2026-05-18 13:30:00.876430737+00:00,2026-05-18 13:30:00.876179922+00:00,0,82,19474,T,N,0,3.58,0,128,250815,2113588,CURR,XNAS.BASIC
2026-05-18 13:30:02.885165465+00:00,2026-05-18 13:30:02.627876259+00:00,0,82,19474,T,N,0,3.58,0,128,257289206,2592409,CURR,XNAS.BASIC
2026-05-18 13:30:11.108078446+00:00,2026-05-18 13:30:11.107882356+00:00,0,82,19474,T,N,0,3.59,11,128,196090,2909321,CURR,XNAS.BASIC
2026-05-18 13:30:12.019284798+00:00,2026-05-18 13:30:12.019089296+00:00,0,82,19474,T,N,0,3.667,186,128,195502,2918135,CURR,XNAS.BASIC
2026-05-18 13:30:12.339820805+00:00,2026-05-18 13:30:12.339623040+00:00,0,82,19474,T,N,0,3.58,70,128,197765,2921862,CURR,XNAS.BASIC
2026-05-18 13:30:12.340904108+00:00,2026-05-18 13:30:12.340704440+00:00,0,82,19474,T,N,0,3.58,15,128,199668,2921867,CURR,XNAS.BASIC
2026-05-18 13:30:12.612301741+00:00,2026-05-18 13:30:12.612100270+00:00,0,82,19474,T,N,0,3.58,700,128,201471,2924191,CURR,XNAS.BASIC
2026-05-18 13:31:31.292695483+00:00,2026-05-18 13:31:31.292491326+00:00,0,82,19474,T,N,0,3.6,100,128,204157,3260845,CURR,XNAS.BASIC
2026-05-18 13:31:31.293345932+00:00,2026-05-18 13:31:31.293149643+00:00,0,82,19474,T,N,0,3.59,100,128,196289,3260850,CURR,XNAS.BASIC
2026-05-18 13:31:31.293423580+00:00,2026-05-18 13:31:31.293226381+00:00,0,82,19474,T,N,0,3.585,100,128,197199,3260851,CURR,XNAS.BASIC
2026-05-18 13:31:31.354686280+00:00,2026-05-18 13:31:31.354491326+00:00,0,82,19474,T,N,0,3.59,100,128,194954,3260994,CURR,XNAS.BASIC
2026-05-18 13:31:31.355568474+00:00,2026-05-18 13:31:31.355365868+00:00,0,81,19474,T,N,0,3.59,100,0,202606,3261002,CURR,XNAS.BASIC
2026-05-18 13:31:31.355568474+00:00,2026-05-18 13:31:31.355365868+00:00,0,81,19474,T,N,0,3.58,201,0,202606,3261003,CURR,XNAS.BASIC
2026-05-18 13:31:31.355568474+00:00,2026-05-18 13:31:31.355365868+00:00,0,81,19474,T,N,0,3.58,216,0,202606,3261004,CURR,XNAS.BASIC
2026-05-18 13:31:31.355568474+00:00,2026-05-18 13:31:31.355365868+00:00,0,81,19474,T,N,0,3.58,363,128,202606,3261005,CURR,XNAS.BASIC
2026-05-18 13:31:31.355605877+00:00,2026-05-18 13:31:31.355413639+00:00,0,81,19474,T,N,0,3.59,100,128,192238,3261006,CURR,XNAS.BASIC
2026-05-18 13:31:31.355875473+00:00,2026-05-18 13:31:31.355682400+00:00,0,81,19474,T,N,0,3.62,71,128,193073,3261008,CURR,XNAS.BASIC
2026-05-18 13:31:31.355936830+00:00,2026-05-18 13:31:31.355742474+00:00,0,81,19474,T,N,0,3.62,29,128,194356,3261010,CURR,XNAS.BASIC
2026-05-18 13:31:31.357290910+00:00,2026-05-18 13:31:31.357098298+00:00,0,81,19474,T,N,0,3.58,600,128,192612,3261011,CURR,XNAS.BASIC
2026-05-18 13:31:31.357310840+00:00,2026-05-18 13:31:31.357119837+00:00,0,81,19474,T,N,0,3.58,100,128,191003,3261012,CURR,XNAS.BASIC
2026-05-18 13:31:31.357491023+00:00,2026-05-18 13:31:31.357298687+00:00,0,81,19474,T,N,0,3.56,429,128,192336,3261013,CURR,XNAS.BASIC
2026-05-18 13:31:31.357946153+00:00,2026-05-18 13:31:31.357753609+00:00,0,81,19474,T,N,0,3.56,23,128,192544,3261014,CURR,XNAS.BASIC
2026-05-18 13:31:31.358043445+00:00,2026-05-18 13:31:31.357844803+00:00,0,82,19474,T,N,0,3.57,110,128,198642,3261015,CURR,XNAS.BASIC
2026-05-18 13:31:31.359993511+00:00,2026-05-18 13:31:31.359796625+00:00,0,82,19474,T,N,0,3.56,110,128,196886,3261019,CURR,XNAS.BASIC
2026-05-18 13:31:31.363319517+00:00,2026-05-18 13:31:31.363127114+00:00,0,81,19474,T,N,0,3.56,25,128,192403,3261024,CURR,XNAS.BASIC
2026-05-18 13:31:31.364079340+00:00,2026-05-18 13:31:31.363884579+00:00,0,82,19474,T,N,0,3.56,90,128,194761,3261025,CURR,XNAS.BASIC
2026-05-18 13:31:31.364126200+00:00,2026-05-18 13:31:31.363935263+00:00,0,81,19474,T,N,0,3.56,75,128,190937,3261026,CURR,XNAS.BASIC
2026-05-18 13:31:31.365617357+00:00,2026-05-18 13:31:31.365419897+00:00,0,82,19474,T,N,0,3.56,20,128,197460,3261030,CURR,XNAS.BASIC
2026-05-18 13:31:31.366443649+00:00,2026-05-18 13:31:31.366247694+00:00,0,82,19474,T,N,0,3.56,80,128,195955,3261036,CURR,XNAS.BASIC
2026-05-18 13:31:31.372642578+00:00,2026-05-18 13:31:31.372446426+00:00,0,81,19474,T,N,0,3.56,25,128,196152,3261050,CURR,XNAS.BASIC
2026-05-18 13:31:31.372673455+00:00,2026-05-18 13:31:31.372489832+00:00,0,88,19474,T,N,0,3.55,25,0,183623,3261051,CURR,XNAS.BASIC
2026-05-18 13:31:31.372673455+00:00,2026-05-18 13:31:31.372482466+00:00,0,81,19474,T,N,0,3.56,25,128,190989,3261052,CURR,XNAS.BASIC
2026-05-18 13:31:31.372712667+00:00,2026-05-18 13:31:31.372519821+00:00,0,81,19474,T,N,0,3.56,25,128,192846,3261053,CURR,XNAS.BASIC
2026-05-18 13:31:31.372719384+00:00,2026-05-18 13:31:31.372538543+00:00,0,88,19474,T,N,0,3.55,25,128,180841,3261054,CURR,XNAS.BASIC
2026-05-18 13:31:31.372755943+00:00,2026-05-18 13:31:31.372563445+00:00,0,81,19474,T,N,0,3.56,25,128,192498,3261056,CURR,XNAS.BASIC
2026-05-18 13:31:31.384691165+00:00,2026-05-18 13:31:31.384498597+00:00,0,81,19474,T,N,0,3.56,25,128,192568,3261088,CURR,XNAS.BASIC
2026-05-18 13:31:31.481266338+00:00,2026-05-18 13:31:31.481070712+00:00,0,82,19474,T,N,0,3.6,100,128,195626,3261413,CURR,XNAS.BASIC
2026-05-18 13:31:32.368457606+00:00,2026-05-18 13:31:32.368276558+00:00,0,88,19474,T,N,0,3.55,25,128,181048,3263668,CURR,XNAS.BASIC
2026-05-18 13:31:32.594699565+00:00,2026-05-18 13:31:32.594503340+00:00,0,82,19474,T,N,0,3.567,279,128,196225,3264453,CURR,XNAS.BASIC
2026-05-18 13:31:34.890358826+00:00,2026-05-18 13:31:34.890157842+00:00,0,82,19474,T,N,0,3.56,100,128,200984,3271499,CURR,XNAS.BASIC
2026-05-18 13:31:34.890838429+00:00,2026-05-18 13:31:34.890640327+00:00,0,82,19474,T,N,0,3.5695,100,128,198102,3271500,CURR,XNAS.BASIC
2026-05-18 13:31:35.342662362+00:00,2026-05-18 13:31:35.342470861+00:00,0,81,19474,T,N,0,3.57,109,128,191501,3272860,CURR,XNAS.BASIC
2026-05-18 13:33:49.634260507+00:00,2026-05-18 13:33:49.634064317+00:00,0,82,19474,T,N,0,3.43,999,128,196190,3725192,CURR,XNAS.BASIC
2026-05-18 13:34:24.824536489+00:00,2026-05-18 13:34:24.824340327+00:00,0,82,19474,T,N,0,3.42,100,128,196162,3841562,CURR,XNAS.BASIC
2026-05-18 13:36:03.307134687+00:00,2026-05-18 13:36:03.306942710+00:00,0,81,19474,T,N,0,3.42,600,128,191977,4176591,CURR,XNAS.BASIC
2026-05-18 13:36:03.307777249+00:00,2026-05-18 13:36:03.307595043+00:00,0,88,19474,T,N,0,3.42,25,128,182206,4176593,CURR,XNAS.BASIC
2026-05-18 13:36:03.307832583+00:00,2026-05-18 13:36:03.307647678+00:00,0,88,19474,T,N,0,3.42,25,128,184905,4176594,CURR,XNAS.BASIC
2026-05-18 13:37:17.583970062+00:00,2026-05-18 13:37:17.583767456+00:00,0,82,19474,T,N,0,3.42,100,128,202606,4442048,CURR,XNAS.BASIC
2026-05-18 13:37:49.929395722+00:00,2026-05-18 13:37:49.929197515+00:00,0,82,19474,T,N,0,3.43,100,128,198207,4544134,CURR,XNAS.BASIC
2026-05-18 13:38:15.926143490+00:00,2026-05-18 13:38:15.925946265+00:00,0,82,19474,T,N,0,3.43,100,128,197225,4632076,CURR,XNAS.BASIC
2026-05-18 13:38:21.276593964+00:00,2026-05-18 13:38:21.276395390+00:00,0,82,19474,T,N,0,3.43,100,128,198574,4652707,CURR,XNAS.BASIC
2026-05-18 13:38:24.182678745+00:00,2026-05-18 13:38:24.182482327+00:00,0,81,19474,T,N,0,3.43,100,128,196418,4670445,CURR,XNAS.BASIC
2026-05-18 13:38:30.076218845+00:00,2026-05-18 13:38:30.076015835+00:00,0,81,19474,T,N,0,3.42,100,0,203010,4693611,CURR,XNAS.BASIC
2026-05-18 13:38:30.076218845+00:00,2026-05-18 13:38:30.076015835+00:00,0,81,19474,T,N,0,3.42,100,128,203010,4693612,CURR,XNAS.BASIC
2026-05-18 13:38:33.355142871+00:00,2026-05-18 13:38:33.354951099+00:00,0,81,19474,T,N,0,3.43,100,128,191772,4704478,CURR,XNAS.BASIC
2026-05-18 13:38:42.202300230+00:00,2026-05-18 13:38:42.202096203+00:00,0,82,19474,T,N,0,3.435,8,128,204027,4735676,CURR,XNAS.BASIC
2026-05-18 13:39:47.732582139+00:00,2026-05-18 13:39:47.732379988+00:00,0,81,19474,T,N,0,3.43,200,0,202151,4963506,CURR,XNAS.BASIC
2026-05-18 13:39:47.732582139+00:00,2026-05-18 13:39:47.732379988+00:00,0,81,19474,T,N,0,3.42,533,0,202151,4963507,CURR,XNAS.BASIC
2026-05-18 13:39:47.732582139+00:00,2026-05-18 13:39:47.732380770+00:00,0,81,19474,T,N,0,3.42,89,128,201369,4963508,CURR,XNAS.BASIC
2026-05-18 13:39:47.732585601+00:00,2026-05-18 13:39:47.732382155+00:00,0,81,19474,T,N,0,3.42,822,0,203446,4963509,CURR,XNAS.BASIC
2026-05-18 13:39:47.732585601+00:00,2026-05-18 13:39:47.732382560+00:00,0,81,19474,T,N,0,3.42,650,128,203041,4963510,CURR,XNAS.BASIC
2026-05-18 13:39:47.814123209+00:00,2026-05-18 13:39:47.813931500+00:00,0,81,19474,T,N,0,3.42,651,128,191709,4963849,CURR,XNAS.BASIC
2026-05-18 13:39:47.814166969+00:00,2026-05-18 13:39:47.813973843+00:00,0,81,19474,T,N,0,3.41,77,128,193126,4963850,CURR,XNAS.BASIC
2026-05-18 13:39:47.814179220+00:00,2026-05-18 13:39:47.813982125+00:00,0,81,19474,T,N,0,3.4,1035,128,197095,4963852,CURR,XNAS.BASIC
2026-05-18 13:39:47.931864069+00:00,2026-05-18 13:39:47.931667622+00:00,0,82,19474,T,N,0,3.35,5,128,196447,4964239,CURR,XNAS.BASIC
2026-05-18 13:39:48.600668811+00:00,2026-05-18 13:39:48.600469786+00:00,0,82,19474,T,N,0,3.365,50,128,199025,4966394,CURR,XNAS.BASIC
2026-05-18 13:39:48.601384+00:00,2026-05-18 13:39:48.601188248+00:00,0,82,19474,T,N,0,3.365,50,128,195752,4966396,CURR,XNAS.BASIC
2026-05-18 13:39:55.164884439+00:00,2026-05-18 13:39:55.164691010+00:00,0,81,19474,T,N,0,3.34,100,128,193429,4988619,CURR,XNAS.BASIC
2026-05-18 13:39:55.171751417+00:00,2026-05-18 13:39:55.171553422+00:00,0,82,19474,T,N,0,3.34,100,128,197995,4988637,CURR,XNAS.BASIC
2026-05-18 13:40:11.524958389+00:00,2026-05-18 13:40:11.524764795+00:00,0,81,19474,T,N,0,3.34,100,128,193594,5054080,CURR,XNAS.BASIC
2026-05-18 13:40:20.669577272+00:00,2026-05-18 13:40:20.669372114+00:00,0,81,19474,T,N,0,3.34,460,0,205158,5086336,CURR,XNAS.BASIC
2026-05-18 13:40:20.669577272+00:00,2026-05-18 13:40:20.669372114+00:00,0,81,19474,T,N,0,3.34,314,0,205158,5086337,CURR,XNAS.BASIC
2026-05-18 13:40:20.669577272+00:00,2026-05-18 13:40:20.669372114+00:00,0,81,19474,T,N,0,3.34,214,0,205158,5086338,CURR,XNAS.BASIC
2026-05-18 13:40:20.669577272+00:00,2026-05-18 13:40:20.669372114+00:00,0,81,19474,T,N,0,3.34,214,128,205158,5086339,CURR,XNAS.BASIC
2026-05-18 13:40:20.670138131+00:00,2026-05-18 13:40:20.669945580+00:00,0,81,19474,T,N,0,3.33,2147,128,192551,5086343,CURR,XNAS.BASIC
2026-05-18 13:40:20.670145491+00:00,2026-05-18 13:40:20.669949477+00:00,0,81,19474,T,N,0,3.33,1307,128,196014,5086344,CURR,XNAS.BASIC
2026-05-18 13:40:20.673933158+00:00,2026-05-18 13:40:20.673740470+00:00,0,81,19474,T,N,0,3.33,100,128,192688,5086352,CURR,XNAS.BASIC
2026-05-18 13:40:20.678006532+00:00,2026-05-18 13:40:20.677806928+00:00,0,81,19474,T,N,0,3.33,100,0,199604,5086360,CURR,XNAS.BASIC
2026-05-18 13:40:20.678006532+00:00,2026-05-18 13:40:20.677806928+00:00,0,81,19474,T,N,0,3.33,100,0,199604,5086361,CURR,XNAS.BASIC
2026-05-18 13:40:20.678006532+00:00,2026-05-18 13:40:20.677806928+00:00,0,81,19474,T,N,0,3.34,486,128,199604,5086362,CURR,XNAS.BASIC
2026-05-18 13:40:20.678048192+00:00,2026-05-18 13:40:20.677846988+00:00,0,81,19474,T,N,0,3.34,114,0,201204,5086363,CURR,XNAS.BASIC
2026-05-18 13:40:20.678048192+00:00,2026-05-18 13:40:20.677846988+00:00,0,81,19474,T,N,0,3.34,86,0,201204,5086364,CURR,XNAS.BASIC
2026-05-18 13:40:20.678048192+00:00,2026-05-18 13:40:20.677846988+00:00,0,81,19474,T,N,0,3.34,298,0,201204,5086365,CURR,XNAS.BASIC
2026-05-18 13:40:20.678048192+00:00,2026-05-18 13:40:20.677846988+00:00,0,81,19474,T,N,0,3.34,100,128,201204,5086366,CURR,XNAS.BASIC
2026-05-18 13:40:20.678106772+00:00,2026-05-18 13:40:20.677924533+00:00,0,88,19474,T,N,0,3.34,25,128,182239,5086367,CURR,XNAS.BASIC
2026-05-18 13:40:20.678116785+00:00,2026-05-18 13:40:20.677934833+00:00,0,89,19474,T,N,0,3.34,25,128,181952,5086368,CURR,XNAS.BASIC
2026-05-18 13:40:20.678408748+00:00,2026-05-18 13:40:20.678225184+00:00,0,89,19474,T,N,0,3.34,25,0,183564,5086369,CURR,XNAS.BASIC
2026-05-18 13:40:20.678408748+00:00,2026-05-18 13:40:20.678226971+00:00,0,88,19474,T,N,0,3.34,25,128,181777,5086370,CURR,XNAS.BASIC
2026-05-18 13:40:20.678567729+00:00,2026-05-18 13:40:20.678385898+00:00,0,89,19474,T,N,0,3.34,25,128,181831,5086372,CURR,XNAS.BASIC
2026-05-18 13:40:20.678763688+00:00,2026-05-18 13:40:20.678567208+00:00,0,82,19474,T,N,0,3.33,100,128,196480,5086374,CURR,XNAS.BASIC
2026-05-18 13:40:20.700797369+00:00,2026-05-18 13:40:20.700600296+00:00,0,82,19474,T,N,0,3.33,100,128,197073,5086469,CURR,XNAS.BASIC
2026-05-18 13:40:31.924013526+00:00,2026-05-18 13:40:31.923815273+00:00,0,82,19474,T,N,0,3.34,100,128,198253,5123000,CURR,XNAS.BASIC
2026-05-18 13:40:31.926403269+00:00,2026-05-18 13:40:31.926205419+00:00,0,82,19474,T,N,0,3.34,100,128,197850,5123005,CURR,XNAS.BASIC
2026-05-18 13:40:31.926869691+00:00,2026-05-18 13:40:31.926672383+00:00,0,82,19474,T,N,0,3.34,100,128,197308,5123007,CURR,XNAS.BASIC
2026-05-18 13:40:31.937725103+00:00,2026-05-18 13:40:31.937526678+00:00,0,82,19474,T,N,0,3.34,100,128,198425,5123033,CURR,XNAS.BASIC
2026-05-18 13:42:15.545195528+00:00,2026-05-18 13:42:15.544997529+00:00,0,82,19474,T,N,0,3.32,3765,128,197999,5476387,CURR,XNAS.BASIC
2026-05-18 13:42:28.525643068+00:00,2026-05-18 13:42:28.525443748+00:00,0,82,19474,T,N,0,3.3218,165,128,199320,5517681,CURR,XNAS.BASIC
2026-05-18 13:44:01.636825922+00:00,2026-05-18 13:44:01.636627887+00:00,0,82,19474,T,N,0,3.32,100,128,198035,5844646,CURR,XNAS.BASIC
2026-05-18 13:44:12.328628036+00:00,2026-05-18 13:44:12.328429360+00:00,0,82,19474,T,N,0,3.32,200,128,198676,5888856,CURR,XNAS.BASIC
2026-05-18 13:44:21.726111549+00:00,2026-05-18 13:44:21.725919423+00:00,0,81,19474,T,N,0,3.32,40,128,192126,5931037,CURR,XNAS.BASIC
2026-05-18 13:44:48.594787321+00:00,2026-05-18 13:44:48.594590221+00:00,0,82,19474,T,N,0,3.3527,50,128,197100,6039458,CURR,XNAS.BASIC
2026-05-18 13:44:55.962054339+00:00,2026-05-18 13:44:55.961862729+00:00,0,81,19474,T,N,0,3.33,100,128,191610,6066241,CURR,XNAS.BASIC
2026-05-18 13:45:12.589803817+00:00,2026-05-18 13:45:12.589606405+00:00,0,81,19474,T,N,0,3.33,100,0,197412,6140498,CURR,XNAS.BASIC
2026-05-18 13:45:12.589803817+00:00,2026-05-18 13:45:12.589606405+00:00,0,81,19474,T,N,0,3.33,1400,128,197412,6140499,CURR,XNAS.BASIC
2026-05-18 13:45:12.589866586+00:00,2026-05-18 13:45:12.589652080+00:00,0,81,19474,T,N,0,3.32,348,0,214506,6140502,CURR,XNAS.BASIC
2026-05-18 13:45:12.589866586+00:00,2026-05-18 13:45:12.589652080+00:00,0,81,19474,T,N,0,3.32,46,0,214506,6140503,CURR,XNAS.BASIC
2026-05-18 13:45:12.589866586+00:00,2026-05-18 13:45:12.589652628+00:00,0,81,19474,T,N,0,3.32,197,0,213958,6140504,CURR,XNAS.BASIC
2026-05-18 13:45:12.589866586+00:00,2026-05-18 13:45:12.589653517+00:00,0,81,19474,T,N,0,3.32,78,0,213069,6140505,CURR,XNAS.BASIC
2026-05-18 13:45:12.589866586+00:00,2026-05-18 13:45:12.589653517+00:00,0,81,19474,T,N,0,3.32,31,0,213069,6140506,CURR,XNAS.BASIC
2026-05-18 13:45:12.589866586+00:00,2026-05-18 13:45:12.589653517+00:00,0,81,19474,T,N,0,3.32,285,0,213069,6140507,CURR,XNAS.BASIC
2026-05-18 13:45:12.589866586+00:00,2026-05-18 13:45:12.589654963+00:00,0,81,19474,T,N,0,3.32,197,0,211623,6140508,CURR,XNAS.BASIC
2026-05-18 13:45:12.589866586+00:00,2026-05-18 13:45:12.589660687+00:00,0,81,19474,T,N,0,3.32,565,128,205899,6140509,CURR,XNAS.BASIC
2026-05-18 13:45:12.589913354+00:00,2026-05-18 13:45:12.589721236+00:00,0,81,19474,T,N,0,3.32,600,128,192118,6140515,CURR,XNAS.BASIC
2026-05-18 13:45:12.589927239+00:00,2026-05-18 13:45:12.589733754+00:00,0,81,19474,T,N,0,3.32,907,128,193485,6140517,CURR,XNAS.BASIC
2026-05-18 13:45:12.590314297+00:00,2026-05-18 13:45:12.590119133+00:00,0,81,19474,T,N,0,3.3,562,128,195164,6140519,CURR,XNAS.BASIC
2026-05-18 13:45:12.590345553+00:00,2026-05-18 13:45:12.590150865+00:00,0,81,19474,T,N,0,3.3,2351,128,194688,6140522,CURR,XNAS.BASIC
2026-05-18 13:45:12.590814876+00:00,2026-05-18 13:45:12.590620346+00:00,0,81,19474,T,N,0,3.29,1287,128,194530,6140523,CURR,XNAS.BASIC
2026-05-18 13:45:12.592586145+00:00,2026-05-18 13:45:12.592389249+00:00,0,81,19474,T,N,0,3.27,238,0,196896,6140531,CURR,XNAS.BASIC
2026-05-18 13:45:12.592586145+00:00,2026-05-18 13:45:12.592389249+00:00,0,81,19474,T,N,0,3.27,62,128,196896,6140532,CURR,XNAS.BASIC
2026-05-18 13:45:12.593060247+00:00,2026-05-18 13:45:12.592869612+00:00,0,81,19474,T,N,0,3.27,3303,128,190635,6140534,CURR,XNAS.BASIC
2026-05-18 13:45:12.593433711+00:00,2026-05-18 13:45:12.593240329+00:00,0,81,19474,T,N,0,3.275,100,0,193382,6140536,CURR,XNAS.BASIC
2026-05-18 13:45:12.593433711+00:00,2026-05-18 13:45:12.593240329+00:00,0,81,19474,T,N,0,3.27,200,128,193382,6140537,CURR,XNAS.BASIC
2026-05-18 13:45:12.593477549+00:00,2026-05-18 13:45:12.593281770+00:00,0,81,19474,T,N,0,3.27,572,0,195779,6140538,CURR,XNAS.BASIC
2026-05-18 13:45:12.593477549+00:00,2026-05-18 13:45:12.593281770+00:00,0,81,19474,T,N,0,3.27,100,128,195779,6140539,CURR,XNAS.BASIC
2026-05-18 13:45:12.594309810+00:00,2026-05-18 13:45:12.594111737+00:00,0,82,19474,T,N,0,3.23,200,128,198073,6140547,CURR,XNAS.BASIC
2026-05-18 13:45:12.594386217+00:00,2026-05-18 13:45:12.594175650+00:00,0,82,19474,T,N,0,3.27,100,128,210567,6140559,CURR,XNAS.BASIC
2026-05-18 13:45:12.595964619+00:00,2026-05-18 13:45:12.595770122+00:00,0,82,19474,T,N,0,3.23,200,128,194497,6140574,CURR,XNAS.BASIC
2026-05-18 13:45:12.596559128+00:00,2026-05-18 13:45:12.596362907+00:00,0,82,19474,T,N,0,3.23,100,128,196221,6140578,CURR,XNAS.BASIC
2026-05-18 13:45:12.597433441+00:00,2026-05-18 13:45:12.597238428+00:00,0,82,19474,T,N,0,3.2525,100,128,195013,6140581,CURR,XNAS.BASIC
2026-05-18 13:45:12.597512845+00:00,2026-05-18 13:45:12.597315939+00:00,0,82,19474,T,N,0,3.23,100,128,196906,6140582,CURR,XNAS.BASIC
2026-05-18 13:45:12.831922240+00:00,2026-05-18 13:45:12.831724712+00:00,0,82,19474,T,N,0,3.23,100,128,197528,6141594,CURR,XNAS.BASIC
2026-05-18 13:45:13.195285457+00:00,2026-05-18 13:45:13.195089920+00:00,0,82,19474,T,N,0,3.285,111,128,195537,6142594,CURR,XNAS.BASIC
2026-05-18 13:46:13.905906419+00:00,2026-05-18 13:46:13.905707548+00:00,0,82,19474,T,N,0,3.2575,14,128,198871,6364521,CURR,XNAS.BASIC
2026-05-18 13:46:37.581781107+00:00,2026-05-18 13:46:37.581584139+00:00,0,82,19474,T,N,0,3.255,100,128,196968,6428922,CURR,XNAS.BASIC
2026-05-18 13:46:37.581940461+00:00,2026-05-18 13:46:37.581745919+00:00,0,82,19474,T,N,0,3.255,100,128,194542,6428923,CURR,XNAS.BASIC
2026-05-18 13:46:37.588342643+00:00,2026-05-18 13:46:37.588146249+00:00,0,82,19474,T,N,0,3.255,35,128,196394,6428935,CURR,XNAS.BASIC
2026-05-18 13:46:37.589460131+00:00,2026-05-18 13:46:37.589264532+00:00,0,81,19474,T,N,0,3.255,100,128,195599,6428938,CURR,XNAS.BASIC
2026-05-18 13:46:37.607037865+00:00,2026-05-18 13:46:37.606842461+00:00,0,82,19474,T,N,0,3.255,65,128,195404,6428963,CURR,XNAS.BASIC
2026-05-18 13:47:19.111024182+00:00,2026-05-18 13:47:19.110822651+00:00,0,81,19474,T,N,0,3.23,180,0,201531,6555681,CURR,XNAS.BASIC
2026-05-18 13:47:19.111024182+00:00,2026-05-18 13:47:19.110822651+00:00,0,81,19474,T,N,0,3.23,157,0,201531,6555682,CURR,XNAS.BASIC
2026-05-18 13:47:19.111024182+00:00,2026-05-18 13:47:19.110822651+00:00,0,81,19474,T,N,0,3.23,52,128,201531,6555683,CURR,XNAS.BASIC
2026-05-18 13:47:19.111931658+00:00,2026-05-18 13:47:19.111733252+00:00,0,81,19474,T,N,0,3.21,100,0,198406,6555684,CURR,XNAS.BASIC
2026-05-18 13:47:19.111931658+00:00,2026-05-18 13:47:19.111733252+00:00,0,81,19474,T,N,0,3.2,200,128,198406,6555685,CURR,XNAS.BASIC
2026-05-18 13:47:19.133365545+00:00,2026-05-18 13:47:19.133172821+00:00,0,81,19474,T,N,0,3.215,100,128,192724,6555763,CURR,XNAS.BASIC
2026-05-18 13:47:20.177503342+00:00,2026-05-18 13:47:20.177311937+00:00,0,81,19474,T,N,0,3.2,100,128,191405,6558618,CURR,XNAS.BASIC
2026-05-18 13:47:20.463414013+00:00,2026-05-18 13:47:20.463220520+00:00,0,81,19474,T,N,0,3.18,338,128,193493,6559250,CURR,XNAS.BASIC
2026-05-18 13:47:20.463425013+00:00,2026-05-18 13:47:20.463226207+00:00,0,81,19474,T,N,0,3.18,544,0,198806,6559251,CURR,XNAS.BASIC
2026-05-18 13:47:20.463425013+00:00,2026-05-18 13:47:20.463226207+00:00,0,81,19474,T,N,0,3.18,708,0,198806,6559252,CURR,XNAS.BASIC
2026-05-18 13:47:20.463425013+00:00,2026-05-18 13:47:20.463226698+00:00,0,81,19474,T,N,0,3.18,174,128,198315,6559253,CURR,XNAS.BASIC
2026-05-18 13:47:20.971216881+00:00,2026-05-18 13:47:20.971019432+00:00,0,82,19474,T,N,0,3.18,200,128,197449,6562183,CURR,XNAS.BASIC
2026-05-18 13:47:39.675625100+00:00,2026-05-18 13:47:39.675428529+00:00,0,82,19474,T,N,0,3.16,197,128,196571,6621779,CURR,XNAS.BASIC
2026-05-18 13:47:39.675801333+00:00,2026-05-18 13:47:39.675603115+00:00,0,82,19474,T,N,0,3.16,100,128,198218,6621780,CURR,XNAS.BASIC
2026-05-18 13:47:39.676859733+00:00,2026-05-18 13:47:39.676661109+00:00,0,82,19474,T,N,0,3.14,100,128,198624,6621783,CURR,XNAS.BASIC
2026-05-18 13:47:39.676888711+00:00,2026-05-18 13:47:39.676697344+00:00,0,81,19474,T,N,0,3.14,100,128,191367,6621784,CURR,XNAS.BASIC
2026-05-18 13:47:39.680448589+00:00,2026-05-18 13:47:39.680266005+00:00,0,88,19474,T,N,0,3.13,100,128,182584,6621792,CURR,XNAS.BASIC
2026-05-18 13:47:39.688366569+00:00,2026-05-18 13:47:39.688168825+00:00,0,82,19474,T,N,0,3.14,100,128,197744,6621805,CURR,XNAS.BASIC
2026-05-18 13:48:20.579453548+00:00,2026-05-18 13:48:20.579253455+00:00,0,82,19474,T,N,0,3.16,1824,128,200093,6790633,CURR,XNAS.BASIC
2026-05-18 13:48:20.579672533+00:00,2026-05-18 13:48:20.579476209+00:00,0,82,19474,T,N,0,3.16,379,128,196324,6790635,CURR,XNAS.BASIC
2026-05-18 13:48:55.434821761+00:00,2026-05-18 13:48:55.434625359+00:00,0,82,19474,T,N,0,3.195,21,128,196402,6880948,CURR,XNAS.BASIC
2026-05-18 13:48:56.390413768+00:00,2026-05-18 13:48:56.390215231+00:00,0,82,19474,T,N,0,3.145,100,128,198537,6883123,CURR,XNAS.BASIC
2026-05-18 13:48:56.390447105+00:00,2026-05-18 13:48:56.390250606+00:00,0,82,19474,T,N,0,3.145,100,128,196499,6883124,CURR,XNAS.BASIC
2026-05-18 13:48:56.390451477+00:00,2026-05-18 13:48:56.390257043+00:00,0,82,19474,T,N,0,3.14,200,128,194434,6883125,CURR,XNAS.BASIC
2026-05-18 13:48:56.390529032+00:00,2026-05-18 13:48:56.390331268+00:00,0,82,19474,T,N,0,3.14,200,128,197764,6883126,CURR,XNAS.BASIC
2026-05-18 13:48:56.391030962+00:00,2026-05-18 13:48:56.390832649+00:00,0,82,19474,T,N,0,3.14,200,128,198313,6883127,CURR,XNAS.BASIC
2026-05-18 13:48:56.391671371+00:00,2026-05-18 13:48:56.391473028+00:00,0,82,19474,T,N,0,3.15,200,128,198343,6883128,CURR,XNAS.BASIC
2026-05-18 13:48:56.426303543+00:00,2026-05-18 13:48:56.426108118+00:00,0,82,19474,T,N,0,3.15,100,128,195425,6883257,CURR,XNAS.BASIC
2026-05-18 13:48:56.438491909+00:00,2026-05-18 13:48:56.438296290+00:00,0,82,19474,T,N,0,3.14,200,128,195619,6883280,CURR,XNAS.BASIC
2026-05-18 13:48:56.439986367+00:00,2026-05-18 13:48:56.439788273+00:00,0,82,19474,T,N,0,3.15,100,128,198094,6883283,CURR,XNAS.BASIC
2026-05-18 13:48:56.440038565+00:00,2026-05-18 13:48:56.439842401+00:00,0,82,19474,T,N,0,3.14,200,128,196164,6883284,CURR,XNAS.BASIC
2026-05-18 13:48:56.441025690+00:00,2026-05-18 13:48:56.440831072+00:00,0,82,19474,T,N,0,3.14,100,128,194618,6883286,CURR,XNAS.BASIC
2026-05-18 13:48:56.441058748+00:00,2026-05-18 13:48:56.440862723+00:00,0,82,19474,T,N,0,3.14,596,128,196025,6883287,CURR,XNAS.BASIC
2026-05-18 13:48:56.441874928+00:00,2026-05-18 13:48:56.441681710+00:00,0,81,19474,T,N,0,3.165,600,128,193218,6883288,CURR,XNAS.BASIC
2026-05-18 13:48:56.622614381+00:00,2026-05-18 13:48:56.622419005+00:00,0,82,19474,T,N,0,3.145,100,128,195376,6883677,CURR,XNAS.BASIC
2026-05-18 13:48:56.623249118+00:00,2026-05-18 13:48:56.623050104+00:00,0,82,19474,T,N,0,3.14,200,128,199014,6883678,CURR,XNAS.BASIC
2026-05-18 13:49:16.497073896+00:00,2026-05-18 13:49:16.496880962+00:00,0,81,19474,T,N,0,3.16,200,128,192934,6944912,CURR,XNAS.BASIC
2026-05-18 13:49:16.497498078+00:00,2026-05-18 13:49:16.497301535+00:00,0,82,19474,T,N,0,3.15,100,128,196543,6944916,CURR,XNAS.BASIC
2026-05-18 13:49:16.497675580+00:00,2026-05-18 13:49:16.497479911+00:00,0,82,19474,T,N,0,3.15,100,128,195669,6944917,CURR,XNAS.BASIC
2026-05-18 13:49:16.497760544+00:00,2026-05-18 13:49:16.497562040+00:00,0,82,19474,T,N,0,3.15,100,128,198504,6944918,CURR,XNAS.BASIC
2026-05-18 13:49:16.497796647+00:00,2026-05-18 13:49:16.497601972+00:00,0,82,19474,T,N,0,3.141,2200,128,194675,6944919,CURR,XNAS.BASIC
2026-05-18 13:55:08.234855017+00:00,2026-05-18 13:55:08.234655878+00:00,0,81,19474,T,N,0,3.2,3,0,199139,7940813,CURR,XNAS.BASIC
2026-05-18 13:55:08.234855017+00:00,2026-05-18 13:55:08.234655878+00:00,0,81,19474,T,N,0,3.2,1,128,199139,7940814,CURR,XNAS.BASIC
2026-05-18 13:55:08.235239518+00:00,2026-05-18 13:55:08.235043079+00:00,0,82,19474,T,N,0,3.2,50,128,196439,7940815,CURR,XNAS.BASIC
2026-05-18 13:55:08.235701400+00:00,2026-05-18 13:55:08.235503510+00:00,0,82,19474,T,N,0,3.2,13,128,197890,7940817,CURR,XNAS.BASIC
2026-05-18 13:55:08.235858780+00:00,2026-05-18 13:55:08.235660014+00:00,0,82,19474,T,N,0,3.2,13,128,198766,7940819,CURR,XNAS.BASIC
2026-05-18 13:55:08.236153563+00:00,2026-05-18 13:55:08.235957944+00:00,0,82,19474,T,N,0,3.2,50,128,195619,7940820,CURR,XNAS.BASIC
2026-05-18 13:55:08.236165094+00:00,2026-05-18 13:55:08.235963580+00:00,0,82,19474,T,N,0,3.2,13,128,201514,7940821,CURR,XNAS.BASIC
2026-05-18 13:55:08.236237438+00:00,2026-05-18 13:55:08.236041074+00:00,0,82,19474,T,N,0,3.2,11,128,196364,7940822,CURR,XNAS.BASIC
2026-05-18 13:55:08.236603334+00:00,2026-05-18 13:55:08.236407984+00:00,0,82,19474,T,N,0,3.2,13,128,195350,7940824,CURR,XNAS.BASIC
2026-05-18 13:55:08.238376437+00:00,2026-05-18 13:55:08.238179863+00:00,0,82,19474,T,N,0,3.2,13,128,196574,7940828,CURR,XNAS.BASIC
2026-05-18 13:55:08.242480437+00:00,2026-05-18 13:55:08.242284001+00:00,0,82,19474,T,N,0,3.2,13,128,196436,7940840,CURR,XNAS.BASIC
2026-05-18 13:55:08.243273549+00:00,2026-05-18 13:55:08.243075366+00:00,0,82,19474,T,N,0,3.2,13,128,198183,7940844,CURR,XNAS.BASIC
2026-05-18 13:55:08.244732705+00:00,2026-05-18 13:55:08.244536696+00:00,0,82,19474,T,N,0,3.2,13,128,196009,7940855,CURR,XNAS.BASIC
2026-05-18 13:55:08.282477586+00:00,2026-05-18 13:55:08.282280925+00:00,0,82,19474,T,N,0,3.2,11,128,196661,7940953,CURR,XNAS.BASIC
2026-05-18 13:56:31.432738215+00:00,2026-05-18 13:56:31.432545564+00:00,0,81,19474,T,N,0,3.2,25,128,192651,8147606,CURR,XNAS.BASIC
2026-05-18 13:56:31.432764611+00:00,2026-05-18 13:56:31.432571211+00:00,0,81,19474,T,N,0,3.2,75,128,193400,8147607,CURR,XNAS.BASIC
2026-05-18 13:56:45.027484121+00:00,2026-05-18 13:56:45.027290822+00:00,0,81,19474,T,N,0,3.19,200,128,193299,8188315,CURR,XNAS.BASIC
2026-05-18 13:56:45.037730416+00:00,2026-05-18 13:56:45.037537386+00:00,0,81,19474,T,N,0,3.18,1,128,193030,8188390,CURR,XNAS.BASIC
2026-05-18 13:56:45.039465308+00:00,2026-05-18 13:56:45.039270004+00:00,0,82,19474,T,N,0,3.18,0,128,195304,8188396,CURR,XNAS.BASIC
2026-05-18 13:56:45.049353895+00:00,2026-05-18 13:56:45.049158618+00:00,0,81,19474,T,N,0,3.14,1441,128,195277,8188452,CURR,XNAS.BASIC
2026-05-18 13:56:45.049398587+00:00,2026-05-18 13:56:45.049207011+00:00,0,81,19474,T,N,0,3.13,47,128,191576,8188453,CURR,XNAS.BASIC
2026-05-18 13:56:45.051782407+00:00,2026-05-18 13:56:45.051589404+00:00,0,81,19474,T,N,0,3.14,600,128,193003,8188467,CURR,XNAS.BASIC
2026-05-18 13:56:45.051968302+00:00,2026-05-18 13:56:45.051768040+00:00,0,81,19474,T,N,0,3.13,1900,0,200262,8188469,CURR,XNAS.BASIC
2026-05-18 13:56:45.051968302+00:00,2026-05-18 13:56:45.051768040+00:00,0,81,19474,T,N,0,3.13,900,128,200262,8188470,CURR,XNAS.BASIC
2026-05-18 13:56:45.052471853+00:00,2026-05-18 13:56:45.052277527+00:00,0,81,19474,T,N,0,3.12,479,128,194326,8188471,CURR,XNAS.BASIC
2026-05-18 13:56:45.053445434+00:00,2026-05-18 13:56:45.053252732+00:00,0,81,19474,T,N,0,3.12,472,128,192702,8188481,CURR,XNAS.BASIC
2026-05-18 13:57:12.050422262+00:00,2026-05-18 13:57:12.050223860+00:00,0,82,19474,T,N,0,3.08,100,128,198402,8264655,CURR,XNAS.BASIC
2026-05-18 13:57:14.174509033+00:00,2026-05-18 13:57:14.174315821+00:00,0,81,19474,T,N,0,3.08,100,128,193212,8269447,CURR,XNAS.BASIC
2026-05-18 13:57:35.721228522+00:00,2026-05-18 13:57:35.721034769+00:00,0,81,19474,T,N,0,3.08,100,128,193753,8338084,CURR,XNAS.BASIC
2026-05-18 13:57:36.900320644+00:00,2026-05-18 13:57:36.900128173+00:00,0,81,19474,T,N,0,3.08,1000,128,192471,8340636,CURR,XNAS.BASIC
2026-05-18 13:57:36.900355164+00:00,2026-05-18 13:57:36.900160342+00:00,0,81,19474,T,N,0,3.08,1877,128,194822,8340637,CURR,XNAS.BASIC
2026-05-18 13:57:36.901209447+00:00,2026-05-18 13:57:36.901016987+00:00,0,81,19474,T,N,0,3.05,100,128,192460,8340639,CURR,XNAS.BASIC
2026-05-18 13:57:36.901264390+00:00,2026-05-18 13:57:36.901070201+00:00,0,81,19474,T,N,0,3.045,8,0,194189,8340640,CURR,XNAS.BASIC
2026-05-18 13:57:36.901264390+00:00,2026-05-18 13:57:36.901070201+00:00,0,81,19474,T,N,0,3.045,600,128,194189,8340641,CURR,XNAS.BASIC
2026-05-18 13:57:37.539936702+00:00,2026-05-18 13:57:37.539745008+00:00,0,81,19474,T,N,0,3.04,600,128,191694,8343143,CURR,XNAS.BASIC
2026-05-18 13:57:37.539986826+00:00,2026-05-18 13:57:37.539794720+00:00,0,81,19474,T,N,0,3.04,600,128,192106,8343144,CURR,XNAS.BASIC
2026-05-18 13:57:40.445100202+00:00,2026-05-18 13:57:40.444896753+00:00,0,82,19474,T,N,0,3.03,95,128,203449,8353414,CURR,XNAS.BASIC
2026-05-18 13:57:40.445176050+00:00,2026-05-18 13:57:40.444979771+00:00,0,82,19474,T,N,0,3.03,105,128,196279,8353415,CURR,XNAS.BASIC
2026-05-18 13:57:40.449199344+00:00,2026-05-18 13:57:40.449002215+00:00,0,82,19474,T,N,0,3.03,200,128,197129,8353442,CURR,XNAS.BASIC
2026-05-18 13:57:40.449460705+00:00,2026-05-18 13:57:40.449261945+00:00,0,82,19474,T,N,0,3.03,91,128,198760,8353443,CURR,XNAS.BASIC
2026-05-18 13:57:41.752403022+00:00,2026-05-18 13:57:41.752193676+00:00,0,82,19474,T,N,0,3.03,100,0,209346,8359305,CURR,XNAS.BASIC
2026-05-18 13:57:41.752403022+00:00,2026-05-18 13:57:41.752197238+00:00,0,82,19474,T,N,0,3.03,100,128,205784,8359306,CURR,XNAS.BASIC
2026-05-18 13:57:41.752424298+00:00,2026-05-18 13:57:41.752228111+00:00,0,82,19474,T,N,0,3.03,100,128,196187,8359307,CURR,XNAS.BASIC
2026-05-18 13:57:41.752533996+00:00,2026-05-18 13:57:41.752327586+00:00,0,82,19474,T,N,0,3.03,100,128,206410,8359308,CURR,XNAS.BASIC
2026-05-18 13:57:41.752776716+00:00,2026-05-18 13:57:41.752580728+00:00,0,82,19474,T,N,0,3.03,100,128,195988,8359310,CURR,XNAS.BASIC
2026-05-18 13:57:41.753850366+00:00,2026-05-18 13:57:41.753653694+00:00,0,82,19474,T,N,0,3.03,100,128,196672,8359315,CURR,XNAS.BASIC
2026-05-18 13:57:41.753987769+00:00,2026-05-18 13:57:41.753791179+00:00,0,82,19474,T,N,0,3.03,100,128,196590,8359317,CURR,XNAS.BASIC
2026-05-18 13:57:41.754540517+00:00,2026-05-18 13:57:41.754342094+00:00,0,82,19474,T,N,0,3.03,8,128,198423,8359323,CURR,XNAS.BASIC
2026-05-18 13:57:41.774606366+00:00,2026-05-18 13:57:41.774404192+00:00,0,82,19474,T,N,0,3.03,100,128,202174,8359375,CURR,XNAS.BASIC
2026-05-18 13:57:42.046053064+00:00,2026-05-18 13:57:42.045861384+00:00,0,81,19474,T,N,0,3.03,100,128,191680,8360086,CURR,XNAS.BASIC
2026-05-18 13:57:48.770498604+00:00,2026-05-18 13:57:48.770302170+00:00,0,81,19474,T,N,0,3.03,600,128,196434,8375585,CURR,XNAS.BASIC
2026-05-18 13:57:48.770538340+00:00,2026-05-18 13:57:48.770346531+00:00,0,81,19474,T,N,0,3.03,600,128,191809,8375586,CURR,XNAS.BASIC
2026-05-18 13:58:09.231580316+00:00,2026-05-18 13:58:09.231385979+00:00,0,81,19474,T,N,0,3.02,600,128,194337,8430946,CURR,XNAS.BASIC
2026-05-18 13:59:06.056217071+00:00,2026-05-18 13:59:06.056016187+00:00,0,82,19474,T,N,0,3.03,261,128,200884,8589493,CURR,XNAS.BASIC
2026-05-18 13:59:06.056604281+00:00,2026-05-18 13:59:06.056407436+00:00,0,82,19474,T,N,0,3.03,739,128,196845,8589496,CURR,XNAS.BASIC
2026-05-18 13:59:34.704700449+00:00,2026-05-18 13:59:34.704508604+00:00,0,81,19474,T,N,0,3.03,25,128,191845,8661706,CURR,XNAS.BASIC
2026-05-18 13:59:34.704755734+00:00,2026-05-18 13:59:34.704563293+00:00,0,81,19474,T,N,0,3.03,25,128,192441,8661707,CURR,XNAS.BASIC
2026-05-18 13:59:34.704792271+00:00,2026-05-18 13:59:34.704601378+00:00,0,81,19474,T,N,0,3.03,25,128,190893,8661708,CURR,XNAS.BASIC
2026-05-18 13:59:34.704830973+00:00,2026-05-18 13:59:34.704636411+00:00,0,81,19474,T,N,0,3.03,25,128,194562,8661709,CURR,XNAS.BASIC
2026-05-18 13:59:43.100653860+00:00,2026-05-18 13:59:43.100457040+00:00,0,82,19474,T,N,0,3.01,100,128,196820,8684372,CURR,XNAS.BASIC
2026-05-18 13:59:43.104296907+00:00,2026-05-18 13:59:43.104103707+00:00,0,81,19474,T,N,0,3.01,200,128,193200,8684389,CURR,XNAS.BASIC
2026-05-18 13:59:43.105240811+00:00,2026-05-18 13:59:43.105049032+00:00,0,81,19474,T,N,0,3.04,1,128,191779,8684395,CURR,XNAS.BASIC
2026-05-18 13:59:43.105774774+00:00,2026-05-18 13:59:43.105578423+00:00,0,82,19474,T,N,0,3.0,227,128,196351,8684398,CURR,XNAS.BASIC
2026-05-18 13:59:43.106130663+00:00,2026-05-18 13:59:43.105931306+00:00,0,82,19474,T,N,0,3.0,473,128,199357,8684405,CURR,XNAS.BASIC
2026-05-18 13:59:49.074680768+00:00,2026-05-18 13:59:49.074483087+00:00,0,82,19474,T,N,0,3.01,24,128,197681,8702817,CURR,XNAS.BASIC
2026-05-18 13:59:52.001799508+00:00,2026-05-18 13:59:52.001593494+00:00,0,82,19474,T,N,0,3.01,24,128,206014,8713903,CURR,XNAS.BASIC
2026-05-18 13:59:53.168225139+00:00,2026-05-18 13:59:53.168029619+00:00,0,82,19474,T,N,0,3.0,1,128,195520,8718749,CURR,XNAS.BASIC
2026-05-18 13:59:53.168450981+00:00,2026-05-18 13:59:53.168245851+00:00,0,82,19474,T,N,0,3.0,0,128,205130,8718750,CURR,XNAS.BASIC
2026-05-18 14:00:05.291006939+00:00,2026-05-18 14:00:05.283654358+00:00,0,83,19474,T,N,0,3.025,200,128,7352581,8774719,CURR,XNAS.BASIC
2026-05-18 14:00:15.763710998+00:00,2026-05-18 14:00:15.763514660+00:00,0,82,19474,T,N,0,3.05,200,128,196338,8818362,CURR,XNAS.BASIC
2026-05-18 14:00:30.145831550+00:00,2026-05-18 14:00:30.145634543+00:00,0,82,19474,T,N,0,3.0,100,128,197007,8877861,CURR,XNAS.BASIC
2026-05-18 14:00:30.152297159+00:00,2026-05-18 14:00:30.152102792+00:00,0,81,19474,T,N,0,3.0,848,0,194367,8877887,CURR,XNAS.BASIC
2026-05-18 14:00:30.152297159+00:00,2026-05-18 14:00:30.152102792+00:00,0,81,19474,T,N,0,3.0,1,128,194367,8877888,CURR,XNAS.BASIC
2026-05-18 14:00:30.157726068+00:00,2026-05-18 14:00:30.157528229+00:00,0,82,19474,T,N,0,3.0,100,128,197839,8877896,CURR,XNAS.BASIC
2026-05-18 14:00:31.241187332+00:00,2026-05-18 14:00:31.240989772+00:00,0,82,19474,T,N,0,3.025,424,128,197560,8881284,CURR,XNAS.BASIC
2026-05-18 14:00:31.242144285+00:00,2026-05-18 14:00:31.241949269+00:00,0,82,19474,T,N,0,2.96,100,128,195016,8881289,CURR,XNAS.BASIC
2026-05-18 14:00:31.244764504+00:00,2026-05-18 14:00:31.244566644+00:00,0,82,19474,T,N,0,2.98,1,128,197860,8881292,CURR,XNAS.BASIC
2026-05-18 14:00:31.249245319+00:00,2026-05-18 14:00:31.249048555+00:00,0,82,19474,T,N,0,2.95,5,128,196764,8881300,CURR,XNAS.BASIC
2026-05-18 14:00:50.950284239+00:00,2026-05-18 14:00:50.950086416+00:00,0,81,19474,T,N,0,2.96,100,0,197823,8935598,CURR,XNAS.BASIC
2026-05-18 14:00:50.950284239+00:00,2026-05-18 14:00:50.950086416+00:00,0,81,19474,T,N,0,2.96,100,128,197823,8935599,CURR,XNAS.BASIC
2026-05-18 14:00:50.950958249+00:00,2026-05-18 14:00:50.950761324+00:00,0,82,19474,T,N,0,2.96,100,128,196925,8935600,CURR,XNAS.BASIC
2026-05-18 14:00:50.951836574+00:00,2026-05-18 14:00:50.951641975+00:00,0,82,19474,T,N,0,2.96,100,128,194599,8935601,CURR,XNAS.BASIC
2026-05-18 14:00:50.952461951+00:00,2026-05-18 14:00:50.952265591+00:00,0,82,19474,T,N,0,2.96,100,128,196360,8935602,CURR,XNAS.BASIC
2026-05-18 14:00:50.952525291+00:00,2026-05-18 14:00:50.952322434+00:00,0,82,19474,T,N,0,2.96,100,128,202857,8935603,CURR,XNAS.BASIC
2026-05-18 14:00:50.952639646+00:00,2026-05-18 14:00:50.952440977+00:00,0,82,19474,T,N,0,2.96,100,128,198669,8935604,CURR,XNAS.BASIC
2026-05-18 14:00:50.952707221+00:00,2026-05-18 14:00:50.952510720+00:00,0,82,19474,T,N,0,2.96,100,128,196501,8935605,CURR,XNAS.BASIC
2026-05-18 14:00:50.952809695+00:00,2026-05-18 14:00:50.952613756+00:00,0,82,19474,T,N,0,2.96,100,128,195939,8935606,CURR,XNAS.BASIC
2026-05-18 14:00:50.953291600+00:00,2026-05-18 14:00:50.953097182+00:00,0,82,19474,T,N,0,2.98,100,128,194418,8935607,CURR,XNAS.BASIC
2026-05-18 14:00:50.962985585+00:00,2026-05-18 14:00:50.962789012+00:00,0,81,19474,T,N,0,2.97,600,0,196573,8935631,CURR,XNAS.BASIC
2026-05-18 14:00:50.962985585+00:00,2026-05-18 14:00:50.962789012+00:00,0,81,19474,T,N,0,2.96,100,128,196573,8935632,CURR,XNAS.BASIC
2026-05-18 14:00:50.963664364+00:00,2026-05-18 14:00:50.963467179+00:00,0,82,19474,T,N,0,2.96,100,128,197185,8935635,CURR,XNAS.BASIC
2026-05-18 14:00:50.964597135+00:00,2026-05-18 14:00:50.964401851+00:00,0,82,19474,T,N,0,2.96,100,128,195284,8935636,CURR,XNAS.BASIC
2026-05-18 14:00:50.964853356+00:00,2026-05-18 14:00:50.964653076+00:00,0,82,19474,T,N,0,2.96,100,128,200280,8935637,CURR,XNAS.BASIC
2026-05-18 14:00:50.964860753+00:00,2026-05-18 14:00:50.964658857+00:00,0,82,19474,T,N,0,2.96,100,128,201896,8935638,CURR,XNAS.BASIC
2026-05-18 14:00:50.964889092+00:00,2026-05-18 14:00:50.964692686+00:00,0,82,19474,T,N,0,2.96,100,128,196406,8935639,CURR,XNAS.BASIC
2026-05-18 14:00:50.964920174+00:00,2026-05-18 14:00:50.964724354+00:00,0,82,19474,T,N,0,2.96,100,128,195820,8935641,CURR,XNAS.BASIC
2026-05-18 14:00:50.965112689+00:00,2026-05-18 14:00:50.964916149+00:00,0,82,19474,T,N,0,2.96,100,128,196540,8935642,CURR,XNAS.BASIC
2026-05-18 14:00:50.965171526+00:00,2026-05-18 14:00:50.964977577+00:00,0,82,19474,T,N,0,2.96,100,128,193949,8935643,CURR,XNAS.BASIC
2026-05-18 14:00:50.966371841+00:00,2026-05-18 14:00:50.966175349+00:00,0,82,19474,T,N,0,2.95,1900,128,196492,8935648,CURR,XNAS.BASIC
2026-05-18 14:02:20.250044613+00:00,2026-05-18 14:02:20.249853004+00:00,0,81,19474,T,N,0,3.03,25,128,191609,9174039,CURR,XNAS.BASIC
2026-05-18 14:02:20.250133598+00:00,2026-05-18 14:02:20.249940153+00:00,0,81,19474,T,N,0,3.03,25,128,193445,9174040,CURR,XNAS.BASIC
2026-05-18 14:02:20.250242253+00:00,2026-05-18 14:02:20.250047156+00:00,0,81,19474,T,N,0,3.03,25,128,195097,9174042,CURR,XNAS.BASIC
2026-05-18 14:02:20.250332954+00:00,2026-05-18 14:02:20.250141343+00:00,0,81,19474,T,N,0,3.03,25,128,191611,9174043,CURR,XNAS.BASIC
2026-05-18 14:02:20.250341683+00:00,2026-05-18 14:02:20.250145708+00:00,0,81,19474,T,N,0,3.03,28,128,195975,9174044,CURR,XNAS.BASIC
2026-05-18 14:03:35.660389351+00:00,2026-05-18 14:03:35.660196585+00:00,0,81,19474,T,N,0,3.04,25,128,192766,9388488,CURR,XNAS.BASIC
2026-05-18 14:03:35.661027587+00:00,2026-05-18 14:03:35.660833540+00:00,0,81,19474,T,N,0,3.04,25,128,194047,9388489,CURR,XNAS.BASIC
2026-05-18 14:03:51.215017591+00:00,2026-05-18 14:03:51.214822045+00:00,0,81,19474,T,N,0,3.04,25,128,195546,9428580,CURR,XNAS.BASIC
2026-05-18 14:03:51.215066577+00:00,2026-05-18 14:03:51.214873460+00:00,0,81,19474,T,N,0,3.04,25,128,193117,9428581,CURR,XNAS.BASIC
2026-05-18 14:03:51.215102655+00:00,2026-05-18 14:03:51.214910244+00:00,0,81,19474,T,N,0,3.04,25,128,192411,9428582,CURR,XNAS.BASIC
2026-05-18 14:03:51.215138518+00:00,2026-05-18 14:03:51.214946251+00:00,0,81,19474,T,N,0,3.04,3,128,192267,9428583,CURR,XNAS.BASIC
2026-05-18 14:03:57.457609150+00:00,2026-05-18 14:03:57.457391412+00:00,0,82,19474,T,N,0,3.072,200,128,217738,9444667,CURR,XNAS.BASIC
2026-05-18 14:04:25.715853401+00:00,2026-05-18 14:04:25.715656105+00:00,0,82,19474,T,N,0,3.055,1322,128,197296,9516374,CURR,XNAS.BASIC
2026-05-18 14:04:54.629038124+00:00,2026-05-18 14:04:54.628844005+00:00,0,81,19474,T,N,0,3.06,500,128,194119,9580679,CURR,XNAS.BASIC
2026-05-18 14:05:21.858946418+00:00,2026-05-18 14:05:21.858750056+00:00,0,82,19474,T,N,0,3.085,50,128,196362,9650930,CURR,XNAS.BASIC
2026-05-18 14:05:21.859668700+00:00,2026-05-18 14:05:21.859472653+00:00,0,82,19474,T,N,0,3.085,50,128,196047,9650932,CURR,XNAS.BASIC
2026-05-18 14:05:21.860290910+00:00,2026-05-18 14:05:21.860094328+00:00,0,82,19474,T,N,0,3.085,50,128,196582,9650935,CURR,XNAS.BASIC
2026-05-18 14:05:21.860389921+00:00,2026-05-18 14:05:21.860195290+00:00,0,82,19474,T,N,0,3.085,50,128,194631,9650936,CURR,XNAS.BASIC
2026-05-18 14:05:21.860527039+00:00,2026-05-18 14:05:21.860332819+00:00,0,81,19474,T,N,0,3.085,25,128,194220,9650937,CURR,XNAS.BASIC
2026-05-18 14:05:21.860576601+00:00,2026-05-18 14:05:21.860385253+00:00,0,81,19474,T,N,0,3.085,25,128,191348,9650938,CURR,XNAS.BASIC
2026-05-18 14:05:21.860824484+00:00,2026-05-18 14:05:21.860632129+00:00,0,81,19474,T,N,0,3.085,50,128,192355,9650939,CURR,XNAS.BASIC
2026-05-18 14:05:21.861249720+00:00,2026-05-18 14:05:21.861055133+00:00,0,82,19474,T,N,0,3.085,50,128,194587,9650940,CURR,XNAS.BASIC
2026-05-18 14:05:21.862040989+00:00,2026-05-18 14:05:21.861844466+00:00,0,82,19474,T,N,0,3.085,50,128,196523,9650941,CURR,XNAS.BASIC
2026-05-18 14:05:21.863089965+00:00,2026-05-18 14:05:21.862899514+00:00,0,81,19474,T,N,0,3.085,25,128,190451,9650944,CURR,XNAS.BASIC
2026-05-18 14:05:21.863389210+00:00,2026-05-18 14:05:21.863198635+00:00,0,81,19474,T,N,0,3.085,100,128,190575,9650945,CURR,XNAS.BASIC
2026-05-18 14:05:21.865638618+00:00,2026-05-18 14:05:21.865446135+00:00,0,81,19474,T,N,0,3.085,25,128,192483,9650951,CURR,XNAS.BASIC
2026-05-18 14:05:21.868183054+00:00,2026-05-18 14:05:21.867992380+00:00,0,81,19474,T,N,0,3.085,25,128,190674,9650958,CURR,XNAS.BASIC
2026-05-18 14:05:21.868482188+00:00,2026-05-18 14:05:21.868291609+00:00,0,81,19474,T,N,0,3.09,100,128,190579,9650960,CURR,XNAS.BASIC
2026-05-18 14:05:43.024938775+00:00,2026-05-18 14:05:43.024734057+00:00,0,81,19474,T,N,0,3.085,25,128,204718,9709162,CURR,XNAS.BASIC
2026-05-18 14:05:44.852484322+00:00,2026-05-18 14:05:44.852290568+00:00,0,81,19474,T,N,0,3.07,87,128,193754,9717851,CURR,XNAS.BASIC
2026-05-18 14:05:47.850314992+00:00,2026-05-18 14:05:47.850115868+00:00,0,82,19474,T,N,0,3.09,819,128,199124,9726026,CURR,XNAS.BASIC
2026-05-18 14:07:19.628220995+00:00,2026-05-18 14:07:19.628023176+00:00,0,82,19474,T,N,0,3.1299,1333,128,197819,10016576,CURR,XNAS.BASIC
2026-05-18 14:07:59.200608156+00:00,2026-05-18 14:07:59.200414348+00:00,0,81,19474,T,N,0,3.09,100,128,193808,10122269,CURR,XNAS.BASIC
2026-05-18 14:08:10.207947709+00:00,2026-05-18 14:08:10.207746733+00:00,0,82,19474,T,N,0,3.13,500,128,200976,10146374,CURR,XNAS.BASIC
2026-05-18 14:08:12.447669616+00:00,2026-05-18 14:08:12.447470002+00:00,0,82,19474,T,N,0,3.08,0,128,199614,10150907,CURR,XNAS.BASIC
2026-05-18 14:08:44.802829217+00:00,2026-05-18 14:08:44.802635816+00:00,0,81,19474,T,N,0,3.09,400,128,193401,10233130,CURR,XNAS.BASIC
2026-05-18 14:09:08.715157803+00:00,2026-05-18 14:09:08.714965014+00:00,0,81,19474,T,N,0,3.08,200,128,192789,10291571,CURR,XNAS.BASIC
2026-05-18 14:09:21.085899687+00:00,2026-05-18 14:09:21.085707987+00:00,0,81,19474,T,N,0,3.07,100,128,191700,10318787,CURR,XNAS.BASIC
2026-05-18 14:09:45.941812767+00:00,2026-05-18 14:09:45.941609037+00:00,0,82,19474,T,N,0,3.09,50,128,203730,10374387,CURR,XNAS.BASIC
2026-05-18 14:09:48.462748298+00:00,2026-05-18 14:09:48.462552095+00:00,0,81,19474,T,N,0,3.09,13,128,196203,10380805,CURR,XNAS.BASIC
2026-05-18 14:10:14.049250790+00:00,2026-05-18 14:10:14.049052391+00:00,0,82,19474,T,N,0,3.1,200,128,198399,10459807,CURR,XNAS.BASIC
2026-05-18 14:10:22.077870433+00:00,2026-05-18 14:10:22.077668488+00:00,0,82,19474,T,N,0,3.1,200,128,201945,10480554,CURR,XNAS.BASIC
2026-05-18 14:10:24.556320910+00:00,2026-05-18 14:10:24.556111814+00:00,0,82,19474,T,N,0,3.1,100,128,209096,10488042,CURR,XNAS.BASIC
2026-05-18 14:10:24.556504591+00:00,2026-05-18 14:10:24.556308242+00:00,0,82,19474,T,N,0,3.1293,100,128,196349,10488045,CURR,XNAS.BASIC
2026-05-18 14:10:27.323978275+00:00,2026-05-18 14:10:27.323780856+00:00,0,82,19474,T,N,0,3.128,100,128,197419,10494000,CURR,XNAS.BASIC
2026-05-18 14:10:27.324160590+00:00,2026-05-18 14:10:27.323962811+00:00,0,82,19474,T,N,0,3.118,100,128,197779,10494001,CURR,XNAS.BASIC
2026-05-18 14:10:35.407194066+00:00,2026-05-18 14:10:35.407002759+00:00,0,81,19474,T,N,0,3.13,70,128,191307,10510817,CURR,XNAS.BASIC
2026-05-18 14:10:35.407289934+00:00,2026-05-18 14:10:35.407095330+00:00,0,81,19474,T,N,0,3.14,96,128,194604,10510818,CURR,XNAS.BASIC
2026-05-18 14:10:35.407414076+00:00,2026-05-18 14:10:35.407223127+00:00,0,81,19474,T,N,0,3.13,100,128,190949,10510819,CURR,XNAS.BASIC
2026-05-18 14:10:35.407813008+00:00,2026-05-18 14:10:35.407622250+00:00,0,81,19474,T,N,0,3.15,300,128,190758,10510820,CURR,XNAS.BASIC
2026-05-18 14:10:35.407912221+00:00,2026-05-18 14:10:35.407719176+00:00,0,81,19474,T,N,0,3.15,25,128,193045,10510821,CURR,XNAS.BASIC
2026-05-18 14:10:35.408733042+00:00,2026-05-18 14:10:35.408539634+00:00,0,81,19474,T,N,0,3.15,21,0,193408,10510825,CURR,XNAS.BASIC
2026-05-18 14:10:35.408733042+00:00,2026-05-18 14:10:35.408539634+00:00,0,81,19474,T,N,0,3.15,75,128,193408,10510826,CURR,XNAS.BASIC
2026-05-18 14:10:35.419360679+00:00,2026-05-18 14:10:35.419164257+00:00,0,82,19474,T,N,0,3.15,600,128,196422,10510864,CURR,XNAS.BASIC
2026-05-18 14:10:35.419889767+00:00,2026-05-18 14:10:35.419689178+00:00,0,82,19474,T,N,0,3.14,2353,128,200589,10510865,CURR,XNAS.BASIC
2026-05-18 14:10:35.420888308+00:00,2026-05-18 14:10:35.420694829+00:00,0,81,19474,T,N,0,3.14,200,128,193479,10510873,CURR,XNAS.BASIC
2026-05-18 14:10:35.425850181+00:00,2026-05-18 14:10:35.425654833+00:00,0,82,19474,T,N,0,3.13,4274,128,195348,10510883,CURR,XNAS.BASIC
2026-05-18 14:10:37.823823079+00:00,2026-05-18 14:10:37.823627651+00:00,0,81,19474,T,N,0,3.145,100,128,195428,10516789,CURR,XNAS.BASIC
2026-05-18 14:10:38.407609396+00:00,2026-05-18 14:10:38.407411367+00:00,0,81,19474,T,N,0,3.15,270,128,198029,10517918,CURR,XNAS.BASIC
2026-05-18 14:10:38.407861912+00:00,2026-05-18 14:10:38.407664061+00:00,0,81,19474,T,N,0,3.16,32,0,197851,10517919,CURR,XNAS.BASIC
2026-05-18 14:10:38.407861912+00:00,2026-05-18 14:10:38.407664061+00:00,0,81,19474,T,N,0,3.16,72,0,197851,10517920,CURR,XNAS.BASIC
2026-05-18 14:10:38.407861912+00:00,2026-05-18 14:10:38.407664061+00:00,0,81,19474,T,N,0,3.16,19,128,197851,10517921,CURR,XNAS.BASIC
2026-05-18 14:12:53.573715251+00:00,2026-05-18 14:12:53.573523376+00:00,0,81,19474,T,N,0,3.16,100,128,191875,10800133,CURR,XNAS.BASIC
2026-05-18 14:13:01.097220788+00:00,2026-05-18 14:13:01.097029227+00:00,0,81,19474,T,N,0,3.16,100,128,191561,10815354,CURR,XNAS.BASIC
2026-05-18 14:13:09.308215352+00:00,2026-05-18 14:13:09.308023642+00:00,0,81,19474,T,N,0,3.16,100,128,191710,10831954,CURR,XNAS.BASIC
2026-05-18 14:13:17.150026264+00:00,2026-05-18 14:13:17.149830740+00:00,0,81,19474,T,N,0,3.16,100,128,195524,10848225,CURR,XNAS.BASIC
2026-05-18 14:13:22.486036725+00:00,2026-05-18 14:13:22.485844252+00:00,0,81,19474,T,N,0,3.16,100,128,192473,10858311,CURR,XNAS.BASIC
2026-05-18 14:13:29.190102046+00:00,2026-05-18 14:13:29.189910535+00:00,0,81,19474,T,N,0,3.16,100,128,191511,10873206,CURR,XNAS.BASIC
2026-05-18 14:13:36.373429201+00:00,2026-05-18 14:13:36.373234531+00:00,0,81,19474,T,N,0,3.16,100,128,194670,10901633,CURR,XNAS.BASIC
2026-05-18 14:14:38.355402225+00:00,2026-05-18 14:14:38.355210057+00:00,0,81,19474,T,N,0,3.16,13,128,192168,11060453,CURR,XNAS.BASIC
2026-05-18 14:15:07.671642796+00:00,2026-05-18 14:15:07.671447206+00:00,0,81,19474,T,N,0,3.16,87,0,195590,11134226,CURR,XNAS.BASIC
2026-05-18 14:15:07.671642796+00:00,2026-05-18 14:15:07.671447206+00:00,0,81,19474,T,N,0,3.16,13,128,195590,11134227,CURR,XNAS.BASIC
2026-05-18 14:15:47.410923740+00:00,2026-05-18 14:15:47.410723310+00:00,0,81,19474,T,N,0,3.16,100,0,200430,11238422,CURR,XNAS.BASIC
2026-05-18 14:15:47.410923740+00:00,2026-05-18 14:15:47.410723310+00:00,0,81,19474,T,N,0,3.16,43,0,200430,11238423,CURR,XNAS.BASIC
2026-05-18 14:15:47.410923740+00:00,2026-05-18 14:15:47.410723310+00:00,0,81,19474,T,N,0,3.16,800,128,200430,11238424,CURR,XNAS.BASIC
2026-05-18 14:15:57.432874362+00:00,2026-05-18 14:15:57.432681890+00:00,0,81,19474,T,N,0,3.09,13,128,192472,11264153,CURR,XNAS.BASIC
2026-05-18 14:16:00.300067647+00:00,2026-05-18 14:16:00.299863289+00:00,0,81,19474,T,N,0,3.09,100,0,204358,11269542,CURR,XNAS.BASIC
2026-05-18 14:16:00.300067647+00:00,2026-05-18 14:16:00.299863289+00:00,0,81,19474,T,N,0,3.09,100,0,204358,11269543,CURR,XNAS.BASIC
2026-05-18 14:16:00.300067647+00:00,2026-05-18 14:16:00.299863289+00:00,0,81,19474,T,N,0,3.08,100,0,204358,11269544,CURR,XNAS.BASIC
2026-05-18 14:16:00.300067647+00:00,2026-05-18 14:16:00.299863289+00:00,0,81,19474,T,N,0,3.08,100,0,204358,11269545,CURR,XNAS.BASIC
2026-05-18 14:16:00.300067647+00:00,2026-05-18 14:16:00.299863289+00:00,0,81,19474,T,N,0,3.08,60,128,204358,11269546,CURR,XNAS.BASIC
2026-05-18 14:16:00.300072406+00:00,2026-05-18 14:16:00.299890594+00:00,0,88,19474,T,N,0,3.09,51,128,181812,11269547,CURR,XNAS.BASIC
2026-05-18 14:16:00.300102191+00:00,2026-05-18 14:16:00.299907510+00:00,0,81,19474,T,N,0,3.09,200,128,194681,11269548,CURR,XNAS.BASIC
2026-05-18 14:16:11.300896185+00:00,2026-05-18 14:16:11.300703884+00:00,0,81,19474,T,N,0,3.1,100,128,192301,11294567,CURR,XNAS.BASIC
2026-05-18 14:17:25.007580181+00:00,2026-05-18 14:17:25.007385770+00:00,0,81,19474,T,N,0,3.1,13,128,194411,11458922,CURR,XNAS.BASIC
2026-05-18 14:18:31.320028510+00:00,2026-05-18 14:18:31.319836539+00:00,0,81,19474,T,N,0,3.09,100,128,191971,11641630,CURR,XNAS.BASIC
2026-05-18 14:18:55.861412339+00:00,2026-05-18 14:18:55.861216570+00:00,0,81,19474,T,N,0,3.1,25,128,195769,11702246,CURR,XNAS.BASIC
2026-05-18 14:20:00.960299989+00:00,2026-05-18 14:20:00.960099121+00:00,0,81,19474,T,N,0,3.1,75,0,200868,11849543,CURR,XNAS.BASIC
2026-05-18 14:20:00.960299989+00:00,2026-05-18 14:20:00.960099121+00:00,0,81,19474,T,N,0,3.1,200,0,200868,11849544,CURR,XNAS.BASIC
2026-05-18 14:20:00.960299989+00:00,2026-05-18 14:20:00.960099121+00:00,0,81,19474,T,N,0,3.1,51,0,200868,11849545,CURR,XNAS.BASIC
2026-05-18 14:20:00.960299989+00:00,2026-05-18 14:20:00.960099121+00:00,0,81,19474,T,N,0,3.1,100,128,200868,11849546,CURR,XNAS.BASIC
2026-05-18 14:20:02.834007968+00:00,2026-05-18 14:20:02.833810323+00:00,0,81,19474,T,N,0,3.07,100,0,197645,11853475,CURR,XNAS.BASIC
2026-05-18 14:20:02.834007968+00:00,2026-05-18 14:20:02.833810323+00:00,0,81,19474,T,N,0,3.07,1700,128,197645,11853476,CURR,XNAS.BASIC
2026-05-18 14:20:02.834011753+00:00,2026-05-18 14:20:02.833816284+00:00,0,81,19474,T,N,0,3.07,1475,0,195469,11853477,CURR,XNAS.BASIC
2026-05-18 14:20:02.834011753+00:00,2026-05-18 14:20:02.833816680+00:00,0,81,19474,T,N,0,3.07,971,128,195073,11853478,CURR,XNAS.BASIC
2026-05-18 14:20:02.834041150+00:00,2026-05-18 14:20:02.833846943+00:00,0,81,19474,T,N,0,3.07,2854,128,194207,11853479,CURR,XNAS.BASIC
2026-05-18 14:20:07.160614048+00:00,2026-05-18 14:20:07.160422210+00:00,0,81,19474,T,N,0,3.06,200,128,191838,11865046,CURR,XNAS.BASIC
2026-05-18 14:20:44.441125103+00:00,2026-05-18 14:20:44.440931359+00:00,0,81,19474,T,N,0,3.04,200,128,193744,11945094,CURR,XNAS.BASIC
2026-05-18 14:21:26.219141973+00:00,2026-05-18 14:21:26.218944521+00:00,0,82,19474,T,N,0,3.0402,300,128,197452,12033053,CURR,XNAS.BASIC
2026-05-18 14:21:26.219460425+00:00,2026-05-18 14:21:26.219262922+00:00,0,82,19474,T,N,0,3.0402,563,128,197503,12033054,CURR,XNAS.BASIC
2026-05-18 14:21:26.220623433+00:00,2026-05-18 14:21:26.220430412+00:00,0,81,19474,T,N,0,3.04,100,128,193021,12033056,CURR,XNAS.BASIC
2026-05-18 14:21:26.221351132+00:00,2026-05-18 14:21:26.221156921+00:00,0,81,19474,T,N,0,3.03,500,128,194211,12033062,CURR,XNAS.BASIC
2026-05-18 14:21:26.221913751+00:00,2026-05-18 14:21:26.221721249+00:00,0,81,19474,T,N,0,3.02,200,128,192502,12033070,CURR,XNAS.BASIC
2026-05-18 14:21:26.221925694+00:00,2026-05-18 14:21:26.221734458+00:00,0,81,19474,T,N,0,3.02,40,128,191236,12033071,CURR,XNAS.BASIC
2026-05-18 14:21:26.222450562+00:00,2026-05-18 14:21:26.222255852+00:00,0,82,19474,T,N,0,3.0,3871,128,194710,12033074,CURR,XNAS.BASIC
2026-05-18 14:21:26.222625141+00:00,2026-05-18 14:21:26.222432781+00:00,0,81,19474,T,N,0,3.04,100,128,192360,12033075,CURR,XNAS.BASIC
2026-05-18 14:22:34.784904729+00:00,2026-05-18 14:22:34.784704067+00:00,0,81,19474,T,N,0,3.03,69,0,200662,12185686,CURR,XNAS.BASIC
2026-05-18 14:22:34.784904729+00:00,2026-05-18 14:22:34.784704067+00:00,0,81,19474,T,N,0,3.03,20,0,200662,12185687,CURR,XNAS.BASIC
2026-05-18 14:22:34.784904729+00:00,2026-05-18 14:22:34.784704067+00:00,0,81,19474,T,N,0,3.03,11,128,200662,12185688,CURR,XNAS.BASIC
2026-05-18 14:23:17.968948806+00:00,2026-05-18 14:23:17.968757401+00:00,0,81,19474,T,N,0,3.03,13,128,191405,12286918,CURR,XNAS.BASIC
2026-05-18 14:23:24.221914344+00:00,2026-05-18 14:23:24.221713651+00:00,0,81,19474,T,N,0,3.03,76,0,200693,12299242,CURR,XNAS.BASIC
2026-05-18 14:23:24.221914344+00:00,2026-05-18 14:23:24.221713651+00:00,0,81,19474,T,N,0,3.03,24,128,200693,12299243,CURR,XNAS.BASIC
2026-05-18 14:23:55.580198302+00:00,2026-05-18 14:23:55.580003668+00:00,0,81,19474,T,N,0,3.01,89,0,194634,12368980,CURR,XNAS.BASIC
2026-05-18 14:23:55.580198302+00:00,2026-05-18 14:23:55.580003668+00:00,0,81,19474,T,N,0,3.01,11,128,194634,12368981,CURR,XNAS.BASIC
2026-05-18 14:24:37.998685635+00:00,2026-05-18 14:24:37.998491281+00:00,0,81,19474,T,N,0,3.01,20,0,194354,12457602,CURR,XNAS.BASIC
2026-05-18 14:24:37.998685635+00:00,2026-05-18 14:24:37.998491281+00:00,0,81,19474,T,N,0,3.0,80,128,194354,12457603,CURR,XNAS.BASIC
2026-05-18 14:25:13.855137441+00:00,2026-05-18 14:25:13.854943822+00:00,0,81,19474,T,N,0,3.0,100,128,193619,12554144,CURR,XNAS.BASIC
2026-05-18 14:25:25.549507427+00:00,2026-05-18 14:25:25.549308385+00:00,0,82,19474,T,N,0,3.04,936,128,199042,12582185,CURR,XNAS.BASIC
2026-05-18 14:25:40.182626191+00:00,2026-05-18 14:25:40.182432609+00:00,0,81,19474,T,N,0,3.01,100,128,193582,12623192,CURR,XNAS.BASIC
2026-05-18 14:26:12.554699732+00:00,2026-05-18 14:26:12.554503220+00:00,0,81,19474,T,N,0,3.02,100,128,196512,12697928,CURR,XNAS.BASIC
2026-05-18 14:26:12.554741677+00:00,2026-05-18 14:26:12.554548784+00:00,0,81,19474,T,N,0,3.03,200,128,192893,12697929,CURR,XNAS.BASIC
2026-05-18 14:26:12.554763205+00:00,2026-05-18 14:26:12.554571+00:00,0,81,19474,T,N,0,3.02,100,128,192205,12697930,CURR,XNAS.BASIC
2026-05-18 14:26:32.413652741+00:00,2026-05-18 14:26:32.413453633+00:00,0,82,19474,T,N,0,3.06,2,128,199108,12747046,CURR,XNAS.BASIC
2026-05-18 14:26:45.721443975+00:00,2026-05-18 14:26:45.721252140+00:00,0,81,19474,T,N,0,3.03,100,128,191835,12776822,CURR,XNAS.BASIC
2026-05-18 14:27:09.638647892+00:00,2026-05-18 14:27:09.638453666+00:00,0,81,19474,T,N,0,3.03,100,128,194226,12832363,CURR,XNAS.BASIC
2026-05-18 14:28:11.152182983+00:00,2026-05-18 14:28:11.151990339+00:00,0,81,19474,T,N,0,3.03,100,128,192644,12967148,CURR,XNAS.BASIC
2026-05-18 14:28:53.809848879+00:00,2026-05-18 14:28:53.809651696+00:00,0,82,19474,T,N,0,3.01,1952,128,197183,13060102,CURR,XNAS.BASIC
2026-05-18 14:28:58.001657419+00:00,2026-05-18 14:28:58.001457461+00:00,0,82,19474,T,N,0,3.09,1618,128,199958,13070484,CURR,XNAS.BASIC
2026-05-18 14:28:58.601181985+00:00,2026-05-18 14:28:58.600982754+00:00,0,82,19474,T,N,0,3.01,100,128,199231,13071899,CURR,XNAS.BASIC
2026-05-18 14:29:20.459937411+00:00,2026-05-18 14:29:20.459741298+00:00,0,81,19474,T,N,0,3.02,100,128,196113,13133655,CURR,XNAS.BASIC
2026-05-18 14:29:49.135332488+00:00,2026-05-18 14:29:49.135140315+00:00,0,81,19474,T,N,0,3.01,100,128,192173,13206705,CURR,XNAS.BASIC
2026-05-18 14:29:53.527760779+00:00,2026-05-18 14:29:53.527562960+00:00,0,82,19474,T,N,0,3.02,838,128,197819,13216409,CURR,XNAS.BASIC
2026-05-18 14:30:21.409329539+00:00,2026-05-18 14:30:21.409136863+00:00,0,81,19474,T,N,0,3.01,100,128,192676,13289492,CURR,XNAS.BASIC
2026-05-18 14:30:59.750656553+00:00,2026-05-18 14:30:59.750462930+00:00,0,81,19474,T,N,0,3.01,100,128,193623,13384510,CURR,XNAS.BASIC
2026-05-18 14:31:36.798125670+00:00,2026-05-18 14:31:36.797927724+00:00,0,82,19474,T,N,0,3.03,200,128,197946,13477372,CURR,XNAS.BASIC
2026-05-18 14:31:38.249842199+00:00,2026-05-18 14:31:38.249642749+00:00,0,82,19474,T,N,0,3.03,200,128,199450,13480532,CURR,XNAS.BASIC
2026-05-18 14:31:39.823089708+00:00,2026-05-18 14:31:39.822889043+00:00,0,81,19474,T,N,0,3.03,100,0,200665,13484314,CURR,XNAS.BASIC
2026-05-18 14:31:39.823089708+00:00,2026-05-18 14:31:39.822889043+00:00,0,81,19474,T,N,0,3.03,8,0,200665,13484315,CURR,XNAS.BASIC
2026-05-18 14:31:39.823089708+00:00,2026-05-18 14:31:39.822889043+00:00,0,81,19474,T,N,0,3.05,92,128,200665,13484316,CURR,XNAS.BASIC
2026-05-18 14:31:41.906532853+00:00,2026-05-18 14:31:41.906337100+00:00,0,82,19474,T,N,0,3.0436,100,128,195753,13488447,CURR,XNAS.BASIC
2026-05-18 14:31:41.906968085+00:00,2026-05-18 14:31:41.906771730+00:00,0,82,19474,T,N,0,3.0472,100,128,196355,13488450,CURR,XNAS.BASIC
2026-05-18 14:31:43.458098846+00:00,2026-05-18 14:31:43.457901919+00:00,0,82,19474,T,N,0,3.0472,100,128,196927,13491382,CURR,XNAS.BASIC
2026-05-18 14:31:43.462430694+00:00,2026-05-18 14:31:43.462230714+00:00,0,81,19474,T,N,0,3.05,8,0,199980,13491390,CURR,XNAS.BASIC
2026-05-18 14:31:43.462430694+00:00,2026-05-18 14:31:43.462230714+00:00,0,81,19474,T,N,0,3.05,45,0,199980,13491391,CURR,XNAS.BASIC
2026-05-18 14:31:43.462430694+00:00,2026-05-18 14:31:43.462230714+00:00,0,81,19474,T,N,0,3.05,47,128,199980,13491392,CURR,XNAS.BASIC
2026-05-18 14:31:43.462454754+00:00,2026-05-18 14:31:43.462256134+00:00,0,81,19474,T,N,0,3.05,2,0,198620,13491393,CURR,XNAS.BASIC
2026-05-18 14:31:43.462454754+00:00,2026-05-18 14:31:43.462256134+00:00,0,81,19474,T,N,0,3.05,25,0,198620,13491394,CURR,XNAS.BASIC
2026-05-18 14:31:43.462454754+00:00,2026-05-18 14:31:43.462256134+00:00,0,81,19474,T,N,0,3.05,62,128,198620,13491395,CURR,XNAS.BASIC
2026-05-18 14:31:43.462557371+00:00,2026-05-18 14:31:43.462365449+00:00,0,81,19474,T,N,0,3.05,25,128,191922,13491396,CURR,XNAS.BASIC
2026-05-18 14:31:43.462616388+00:00,2026-05-18 14:31:43.462423428+00:00,0,81,19474,T,N,0,3.05,25,128,192960,13491398,CURR,XNAS.BASIC
2026-05-18 14:31:43.462681978+00:00,2026-05-18 14:31:43.462491655+00:00,0,81,19474,T,N,0,3.05,25,128,190323,13491400,CURR,XNAS.BASIC
2026-05-18 14:31:43.462845377+00:00,2026-05-18 14:31:43.462654321+00:00,0,81,19474,T,N,0,3.05,84,128,191056,13491401,CURR,XNAS.BASIC
2026-05-18 14:31:45.566606107+00:00,2026-05-18 14:31:45.566406961+00:00,0,82,19474,T,N,0,3.048,200,128,199146,13496265,CURR,XNAS.BASIC
2026-05-18 14:31:48.534899504+00:00,2026-05-18 14:31:48.534701929+00:00,0,82,19474,T,N,0,3.03,100,128,197575,13502335,CURR,XNAS.BASIC
2026-05-18 14:31:49.097863905+00:00,2026-05-18 14:31:49.090515564+00:00,0,83,19474,T,N,0,3.05,200,128,7348341,13503232,CURR,XNAS.BASIC
2026-05-18 14:31:53.037264603+00:00,2026-05-18 14:31:53.037065916+00:00,0,82,19474,T,N,0,3.0472,100,128,198687,13511146,CURR,XNAS.BASIC
2026-05-18 14:31:53.485151065+00:00,2026-05-18 14:31:53.484954815+00:00,0,82,19474,T,N,0,3.035,300,128,196250,13512312,CURR,XNAS.BASIC
2026-05-18 14:31:53.543968199+00:00,2026-05-18 14:31:53.543769679+00:00,0,82,19474,T,N,0,3.035,100,128,198520,13512542,CURR,XNAS.BASIC
2026-05-18 14:31:53.543977728+00:00,2026-05-18 14:31:53.543777959+00:00,0,82,19474,T,N,0,3.035,100,128,199769,13512543,CURR,XNAS.BASIC
2026-05-18 14:31:53.544053880+00:00,2026-05-18 14:31:53.543859356+00:00,0,82,19474,T,N,0,3.035,100,128,194524,13512544,CURR,XNAS.BASIC
2026-05-18 14:31:53.544389066+00:00,2026-05-18 14:31:53.544192049+00:00,0,82,19474,T,N,0,3.035,100,128,197017,13512551,CURR,XNAS.BASIC
2026-05-18 14:31:53.545028968+00:00,2026-05-18 14:31:53.544832118+00:00,0,82,19474,T,N,0,3.035,191,128,196850,13512553,CURR,XNAS.BASIC
2026-05-18 14:31:53.558857947+00:00,2026-05-18 14:31:53.558661202+00:00,0,82,19474,T,N,0,3.035,100,128,196745,13512584,CURR,XNAS.BASIC
2026-05-18 14:31:53.634479318+00:00,2026-05-18 14:31:53.634284710+00:00,0,82,19474,T,N,0,3.035,1,128,194608,13512675,CURR,XNAS.BASIC
2026-05-18 14:31:53.634522575+00:00,2026-05-18 14:31:53.634329182+00:00,0,81,19474,T,N,0,3.05,45,128,193393,13512676,CURR,XNAS.BASIC
2026-05-18 14:31:53.635120148+00:00,2026-05-18 14:31:53.634921744+00:00,0,82,19474,T,N,0,3.04,9,128,198404,13512677,CURR,XNAS.BASIC
2026-05-18 14:32:23.046790258+00:00,2026-05-18 14:32:23.046596127+00:00,0,81,19474,T,N,0,3.06,30,128,194131,13590394,CURR,XNAS.BASIC
2026-05-18 14:32:27.207804982+00:00,2026-05-18 14:32:27.207605533+00:00,0,82,19474,T,N,0,3.0651,47,128,199449,13599749,CURR,XNAS.BASIC
2026-05-18 14:32:27.208489166+00:00,2026-05-18 14:32:27.208292171+00:00,0,82,19474,T,N,0,3.06,53,128,196995,13599750,CURR,XNAS.BASIC
2026-05-18 14:33:17.002378866+00:00,2026-05-18 14:33:17.002186894+00:00,0,81,19474,T,N,0,3.06,170,128,191972,13767681,CURR,XNAS.BASIC
2026-05-18 14:33:17.004566659+00:00,2026-05-18 14:33:17.004374972+00:00,0,81,19474,T,N,0,3.01,630,128,191687,13767684,CURR,XNAS.BASIC
2026-05-18 14:34:14.328463917+00:00,2026-05-18 14:34:14.328270382+00:00,0,81,19474,T,N,0,3.06,100,128,193535,13980297,CURR,XNAS.BASIC
2026-05-18 14:34:14.330523930+00:00,2026-05-18 14:34:14.330321191+00:00,0,82,19474,T,N,0,3.0799,3600,128,202739,13980302,CURR,XNAS.BASIC
2026-05-18 14:36:24.565430828+00:00,2026-05-18 14:36:24.565232917+00:00,0,82,19474,T,N,0,3.0326,256,128,197911,14421273,CURR,XNAS.BASIC
2026-05-18 14:36:33.600613131+00:00,2026-05-18 14:36:33.600421475+00:00,0,81,19474,T,N,0,3.08,27,128,191656,14451088,CURR,XNAS.BASIC
2026-05-18 14:43:40.385594295+00:00,2026-05-18 14:43:40.385398442+00:00,0,82,19474,T,N,0,3.04,1,128,195853,15446676,CURR,XNAS.BASIC
2026-05-18 14:52:03.450847384+00:00,2026-05-18 14:52:03.450649494+00:00,0,81,19474,T,N,0,3.07,8,0,197890,16598826,CURR,XNAS.BASIC
2026-05-18 14:52:03.450847384+00:00,2026-05-18 14:52:03.450649494+00:00,0,81,19474,T,N,0,3.07,17,128,197890,16598827,CURR,XNAS.BASIC
2026-05-18 14:52:03.450908747+00:00,2026-05-18 14:52:03.450716694+00:00,0,81,19474,T,N,0,3.07,25,128,192053,16598828,CURR,XNAS.BASIC
2026-05-18 14:52:03.450949283+00:00,2026-05-18 14:52:03.450757251+00:00,0,81,19474,T,N,0,3.07,25,128,192032,16598829,CURR,XNAS.BASIC
2026-05-18 14:52:03.450982804+00:00,2026-05-18 14:52:03.450792008+00:00,0,81,19474,T,N,0,3.07,25,128,190796,16598830,CURR,XNAS.BASIC
2026-05-18 14:52:03.451020005+00:00,2026-05-18 14:52:03.450826104+00:00,0,81,19474,T,N,0,3.07,8,128,193901,16598831,CURR,XNAS.BASIC
2026-05-18 14:57:09.907657814+00:00,2026-05-18 14:57:09.907455713+00:00,0,82,19474,T,N,0,3.0401,2000,128,202101,17222350,CURR,XNAS.BASIC
2026-05-18 14:57:59.586860466+00:00,2026-05-18 14:57:59.586661325+00:00,0,82,19474,T,N,0,3.0401,900,128,199141,17322048,CURR,XNAS.BASIC
2026-05-18 14:57:59.587983812+00:00,2026-05-18 14:57:59.587786680+00:00,0,82,19474,T,N,0,3.0401,600,128,197132,17322050,CURR,XNAS.BASIC
2026-05-18 14:57:59.589276845+00:00,2026-05-18 14:57:59.589080964+00:00,0,82,19474,T,N,0,3.0401,100,128,195881,17322053,CURR,XNAS.BASIC
2026-05-18 14:57:59.603790438+00:00,2026-05-18 14:57:59.603596914+00:00,0,81,19474,T,N,0,3.05,100,128,193524,17322085,CURR,XNAS.BASIC
2026-05-18 14:57:59.603824322+00:00,2026-05-18 14:57:59.603633260+00:00,0,81,19474,T,N,0,3.05,1031,128,191062,17322086,CURR,XNAS.BASIC
2026-05-18 14:58:44.062264060+00:00,2026-05-18 14:58:44.062064182+00:00,0,82,19474,T,N,0,3.0553,24,128,199878,17421491,CURR,XNAS.BASIC
2026-05-18 14:58:59.842782610+00:00,2026-05-18 14:58:59.842585872+00:00,0,82,19474,T,N,0,3.05,2000,128,196738,17448417,CURR,XNAS.BASIC
2026-05-18 15:01:57.762844888+00:00,2026-05-18 15:01:57.762648197+00:00,0,82,19474,T,N,0,3.05,100,128,196691,17913471,CURR,XNAS.BASIC
2026-05-18 15:04:38.881232734+00:00,2026-05-18 15:04:38.881034015+00:00,0,82,19474,T,N,0,3.07,50,128,198719,18303624,CURR,XNAS.BASIC
2026-05-18 15:04:38.881282846+00:00,2026-05-18 15:04:38.881091665+00:00,0,81,19474,T,N,0,3.07,25,128,191181,18303625,CURR,XNAS.BASIC
2026-05-18 15:04:38.881343067+00:00,2026-05-18 15:04:38.881149327+00:00,0,81,19474,T,N,0,3.07,25,128,193740,18303626,CURR,XNAS.BASIC
2026-05-18 15:04:38.881375620+00:00,2026-05-18 15:04:38.881185059+00:00,0,81,19474,T,N,0,3.07,25,128,190561,18303627,CURR,XNAS.BASIC
2026-05-18 15:04:38.881412123+00:00,2026-05-18 15:04:38.881220241+00:00,0,81,19474,T,N,0,3.07,25,128,191882,18303628,CURR,XNAS.BASIC
2026-05-18 15:04:38.881946709+00:00,2026-05-18 15:04:38.881747794+00:00,0,82,19474,T,N,0,3.07,50,128,198915,18303629,CURR,XNAS.BASIC
2026-05-18 15:04:38.882311726+00:00,2026-05-18 15:04:38.882116105+00:00,0,82,19474,T,N,0,3.07,50,128,195621,18303632,CURR,XNAS.BASIC
2026-05-18 15:04:39.400320772+00:00,2026-05-18 15:04:39.400125736+00:00,0,81,19474,T,N,0,3.07,25,128,195036,18304363,CURR,XNAS.BASIC
2026-05-18 15:04:39.400369292+00:00,2026-05-18 15:04:39.400173865+00:00,0,81,19474,T,N,0,3.07,25,128,195427,18304365,CURR,XNAS.BASIC
2026-05-18 15:04:39.400412916+00:00,2026-05-18 15:04:39.400220891+00:00,0,81,19474,T,N,0,3.07,25,128,192025,18304366,CURR,XNAS.BASIC
2026-05-18 15:04:39.400505265+00:00,2026-05-18 15:04:39.400313095+00:00,0,81,19474,T,N,0,3.075,25,128,192170,18304367,CURR,XNAS.BASIC
2026-05-18 15:04:39.400663883+00:00,2026-05-18 15:04:39.400465027+00:00,0,82,19474,T,N,0,3.08,50,128,198856,18304377,CURR,XNAS.BASIC
2026-05-18 15:04:39.400721802+00:00,2026-05-18 15:04:39.400527033+00:00,0,82,19474,T,N,0,3.08,50,128,194769,18304378,CURR,XNAS.BASIC
2026-05-18 15:04:39.408986784+00:00,2026-05-18 15:04:39.408794409+00:00,0,81,19474,T,N,0,3.075,25,128,192375,18304397,CURR,XNAS.BASIC
2026-05-18 15:04:39.409022353+00:00,2026-05-18 15:04:39.408830931+00:00,0,81,19474,T,N,0,3.075,25,128,191422,18304398,CURR,XNAS.BASIC
2026-05-18 15:04:39.409359374+00:00,2026-05-18 15:04:39.409159957+00:00,0,82,19474,T,N,0,3.08,50,128,199417,18304399,CURR,XNAS.BASIC
2026-05-18 15:04:39.409438132+00:00,2026-05-18 15:04:39.409242734+00:00,0,82,19474,T,N,0,3.08,50,128,195398,18304400,CURR,XNAS.BASIC
2026-05-18 15:04:39.410109603+00:00,2026-05-18 15:04:39.409919147+00:00,0,81,19474,T,N,0,3.08,25,128,190456,18304401,CURR,XNAS.BASIC
2026-05-18 15:04:39.410675818+00:00,2026-05-18 15:04:39.410484768+00:00,0,81,19474,T,N,0,3.08,25,128,191050,18304402,CURR,XNAS.BASIC
2026-05-18 15:04:39.411268280+00:00,2026-05-18 15:04:39.411072496+00:00,0,82,19474,T,N,0,3.08,50,128,195784,18304406,CURR,XNAS.BASIC
2026-05-18 15:04:39.411380500+00:00,2026-05-18 15:04:39.411183744+00:00,0,82,19474,T,N,0,3.08,50,128,196756,18304407,CURR,XNAS.BASIC
2026-05-18 15:04:41.119826068+00:00,2026-05-18 15:04:41.119627512+00:00,0,82,19474,T,N,0,3.08,50,128,198556,18309183,CURR,XNAS.BASIC
2026-05-18 15:04:41.120914169+00:00,2026-05-18 15:04:41.120717452+00:00,0,82,19474,T,N,0,3.08,50,128,196717,18309186,CURR,XNAS.BASIC
2026-05-18 15:04:41.121534036+00:00,2026-05-18 15:04:41.121338182+00:00,0,82,19474,T,N,0,3.08,50,128,195854,18309187,CURR,XNAS.BASIC
2026-05-18 15:04:41.121609043+00:00,2026-05-18 15:04:41.121413218+00:00,0,82,19474,T,N,0,3.08,50,128,195825,18309188,CURR,XNAS.BASIC
2026-05-18 15:04:41.123358415+00:00,2026-05-18 15:04:41.123162187+00:00,0,82,19474,T,N,0,3.08,50,128,196228,18309194,CURR,XNAS.BASIC
2026-05-18 15:04:41.124291987+00:00,2026-05-18 15:04:41.124093911+00:00,0,82,19474,T,N,0,3.08,50,128,198076,18309195,CURR,XNAS.BASIC
2026-05-18 15:04:41.550749179+00:00,2026-05-18 15:04:41.550557764+00:00,0,81,19474,T,N,0,3.08,25,128,191415,18309919,CURR,XNAS.BASIC
2026-05-18 15:04:41.550807216+00:00,2026-05-18 15:04:41.550615230+00:00,0,81,19474,T,N,0,3.08,25,128,191986,18309920,CURR,XNAS.BASIC
2026-05-18 15:04:41.550844327+00:00,2026-05-18 15:04:41.550651678+00:00,0,81,19474,T,N,0,3.08,25,128,192649,18309922,CURR,XNAS.BASIC
2026-05-18 15:04:41.550878167+00:00,2026-05-18 15:04:41.550686875+00:00,0,81,19474,T,N,0,3.08,25,128,191292,18309923,CURR,XNAS.BASIC
2026-05-18 15:04:41.550916129+00:00,2026-05-18 15:04:41.550721689+00:00,0,81,19474,T,N,0,3.08,25,128,194440,18309924,CURR,XNAS.BASIC
2026-05-18 15:04:41.550947338+00:00,2026-05-18 15:04:41.550756653+00:00,0,81,19474,T,N,0,3.08,25,128,190685,18309925,CURR,XNAS.BASIC
2026-05-18 15:04:41.550983065+00:00,2026-05-18 15:04:41.550790684+00:00,0,81,19474,T,N,0,3.08,25,128,192381,18309926,CURR,XNAS.BASIC
2026-05-18 15:04:41.551017982+00:00,2026-05-18 15:04:41.550824974+00:00,0,81,19474,T,N,0,3.08,25,128,193008,18309928,CURR,XNAS.BASIC
2026-05-18 15:04:41.551055934+00:00,2026-05-18 15:04:41.550859418+00:00,0,81,19474,T,N,0,3.08,25,0,196516,18309929,CURR,XNAS.BASIC
2026-05-18 15:04:41.551055934+00:00,2026-05-18 15:04:41.550859860+00:00,0,81,19474,T,N,0,3.08,100,128,196074,18309930,CURR,XNAS.BASIC
2026-05-18 15:04:41.551087292+00:00,2026-05-18 15:04:41.550895019+00:00,0,81,19474,T,N,0,3.08,25,128,192273,18309931,CURR,XNAS.BASIC
2026-05-18 15:04:41.551316088+00:00,2026-05-18 15:04:41.551125213+00:00,0,81,19474,T,N,0,3.08,25,128,190875,18309932,CURR,XNAS.BASIC
2026-05-18 15:04:41.553293129+00:00,2026-05-18 15:04:41.553098357+00:00,0,81,19474,T,N,0,3.08,25,128,194772,18309934,CURR,XNAS.BASIC
2026-05-18 15:04:41.561484957+00:00,2026-05-18 15:04:41.561286694+00:00,0,81,19474,T,N,0,3.07,100,128,198263,18309944,CURR,XNAS.BASIC
2026-05-18 15:04:42.378144717+00:00,2026-05-18 15:04:42.377948489+00:00,0,82,19474,T,N,0,3.08,50,128,196228,18312055,CURR,XNAS.BASIC
2026-05-18 15:04:42.378413346+00:00,2026-05-18 15:04:42.378216344+00:00,0,82,19474,T,N,0,3.08,50,128,197002,18312056,CURR,XNAS.BASIC
2026-05-18 15:04:42.378491704+00:00,2026-05-18 15:04:42.378297192+00:00,0,82,19474,T,N,0,3.08,50,128,194512,18312057,CURR,XNAS.BASIC
2026-05-18 15:04:42.386706459+00:00,2026-05-18 15:04:42.386510325+00:00,0,82,19474,T,N,0,3.08,50,128,196134,18312071,CURR,XNAS.BASIC
2026-05-18 15:04:42.406672680+00:00,2026-05-18 15:04:42.406474971+00:00,0,82,19474,T,N,0,3.08,50,128,197709,18312106,CURR,XNAS.BASIC
2026-05-18 15:05:03.427501533+00:00,2026-05-18 15:05:03.427284530+00:00,0,81,19474,T,N,0,3.07,100,128,217003,18355395,CURR,XNAS.BASIC
2026-05-18 15:05:51.118284650+00:00,2026-05-18 15:05:51.118087947+00:00,0,82,19474,T,N,0,3.0712,1049,128,196703,18458423,CURR,XNAS.BASIC
2026-05-18 15:05:57.607319808+00:00,2026-05-18 15:05:57.607120010+00:00,0,82,19474,T,N,0,3.08,1150,128,199798,18470318,CURR,XNAS.BASIC
2026-05-18 15:06:16.979042286+00:00,2026-05-18 15:06:16.978848561+00:00,0,81,19474,T,N,0,3.07,100,128,193725,18514074,CURR,XNAS.BASIC
2026-05-18 15:07:48.877541970+00:00,2026-05-18 15:07:48.877348777+00:00,0,81,19474,T,N,0,3.07,100,128,193193,18695351,CURR,XNAS.BASIC
2026-05-18 15:07:53.979349584+00:00,2026-05-18 15:07:53.979148575+00:00,0,82,19474,T,N,0,3.08,500,128,201009,18703353,CURR,XNAS.BASIC
2026-05-18 15:07:53.993861797+00:00,2026-05-18 15:07:53.993671108+00:00,0,81,19474,T,N,0,3.08,100,128,190689,18703367,CURR,XNAS.BASIC
2026-05-18 15:07:53.994692204+00:00,2026-05-18 15:07:53.994496988+00:00,0,82,19474,T,N,0,3.08,100,128,195216,18703370,CURR,XNAS.BASIC
2026-05-18 15:08:00.643590297+00:00,2026-05-18 15:08:00.643394564+00:00,0,81,19474,T,N,0,3.08,100,0,195733,18713957,CURR,XNAS.BASIC
2026-05-18 15:08:00.643590297+00:00,2026-05-18 15:08:00.643394564+00:00,0,81,19474,T,N,0,3.08,100,128,195733,18713958,CURR,XNAS.BASIC
2026-05-18 15:08:11.907484255+00:00,2026-05-18 15:08:11.907285839+00:00,0,82,19474,T,N,0,3.0761,17,128,198416,18732511,CURR,XNAS.BASIC
2026-05-18 15:08:56.637932591+00:00,2026-05-18 15:08:56.637734848+00:00,0,82,19474,T,N,0,3.08,7,128,197743,18809939,CURR,XNAS.BASIC
2026-05-18 15:08:56.638212853+00:00,2026-05-18 15:08:56.638015872+00:00,0,82,19474,T,N,0,3.08,9,128,196981,18809941,CURR,XNAS.BASIC
2026-05-18 15:08:56.786340905+00:00,2026-05-18 15:08:56.786147050+00:00,0,81,19474,T,N,0,3.09,100,128,193855,18810123,CURR,XNAS.BASIC
2026-05-18 15:08:56.786773961+00:00,2026-05-18 15:08:56.786575031+00:00,0,81,19474,T,N,0,3.1,98,0,198930,18810124,CURR,XNAS.BASIC
2026-05-18 15:08:56.786773961+00:00,2026-05-18 15:08:56.786575031+00:00,0,81,19474,T,N,0,3.1,32,0,198930,18810125,CURR,XNAS.BASIC
2026-05-18 15:08:56.786773961+00:00,2026-05-18 15:08:56.786575031+00:00,0,81,19474,T,N,0,3.1,12,128,198930,18810126,CURR,XNAS.BASIC
2026-05-18 15:08:56.786779087+00:00,2026-05-18 15:08:56.786578991+00:00,0,81,19474,T,N,0,3.1,88,128,200096,18810127,CURR,XNAS.BASIC
2026-05-18 15:08:56.787225274+00:00,2026-05-18 15:08:56.787029273+00:00,0,82,19474,T,N,0,3.085,100,128,196001,18810130,CURR,XNAS.BASIC
2026-05-18 15:08:56.787253529+00:00,2026-05-18 15:08:56.787057102+00:00,0,82,19474,T,N,0,3.09,9,128,196427,18810131,CURR,XNAS.BASIC
2026-05-18 15:08:56.787587298+00:00,2026-05-18 15:08:56.787391197+00:00,0,81,19474,T,N,0,3.1,100,0,196101,18810132,CURR,XNAS.BASIC
2026-05-18 15:08:56.787587298+00:00,2026-05-18 15:08:56.787391197+00:00,0,81,19474,T,N,0,3.1,100,128,196101,18810133,CURR,XNAS.BASIC
2026-05-18 15:08:56.789856335+00:00,2026-05-18 15:08:56.789660910+00:00,0,82,19474,T,N,0,3.09,100,128,195425,18810145,CURR,XNAS.BASIC
2026-05-18 15:08:56.798852048+00:00,2026-05-18 15:08:56.798655206+00:00,0,82,19474,T,N,0,3.09,100,128,196842,18810159,CURR,XNAS.BASIC
2026-05-18 15:09:05.510822799+00:00,2026-05-18 15:09:05.510623749+00:00,0,82,19474,T,N,0,3.0784,115,128,199050,18831389,CURR,XNAS.BASIC
2026-05-18 15:09:28.753660712+00:00,2026-05-18 15:09:28.753464005+00:00,0,82,19474,T,N,0,3.11,1150,128,196707,18878432,CURR,XNAS.BASIC
2026-05-18 15:09:35.123338325+00:00,2026-05-18 15:09:35.123138111+00:00,0,82,19474,T,N,0,3.0878,9,128,200214,18888463,CURR,XNAS.BASIC
2026-05-18 15:10:53.497525928+00:00,2026-05-18 15:10:53.497329433+00:00,0,82,19474,T,N,0,3.0945,6,128,196495,19080864,CURR,XNAS.BASIC
2026-05-18 15:12:12.527914476+00:00,2026-05-18 15:12:12.527716205+00:00,0,82,19474,T,N,0,3.0994,16,128,198271,19244076,CURR,XNAS.BASIC
2026-05-18 15:13:06.908490283+00:00,2026-05-18 15:13:06.908293655+00:00,0,82,19474,T,N,0,3.1096,37,128,196628,19343288,CURR,XNAS.BASIC
2026-05-18 15:13:37.107418828+00:00,2026-05-18 15:13:37.107222976+00:00,0,82,19474,T,N,0,3.1053,14,128,195852,19396763,CURR,XNAS.BASIC
2026-05-18 15:13:55.929456610+00:00,2026-05-18 15:13:55.929264584+00:00,0,81,19474,T,N,0,3.09,29,128,192026,19425893,CURR,XNAS.BASIC
2026-05-18 15:14:36.773322734+00:00,2026-05-18 15:14:36.773130914+00:00,0,81,19474,T,N,0,3.1,90,128,191820,19502311,CURR,XNAS.BASIC
2026-05-18 15:17:38.190732590+00:00,2026-05-18 15:17:38.190535581+00:00,0,82,19474,T,N,0,3.08,100,128,197009,19833956,CURR,XNAS.BASIC
2026-05-18 15:17:38.194243674+00:00,2026-05-18 15:17:38.194045095+00:00,0,82,19474,T,N,0,3.08,100,128,198579,19833959,CURR,XNAS.BASIC
2026-05-18 15:18:15.674534738+00:00,2026-05-18 15:18:15.674336643+00:00,0,82,19474,T,N,0,3.07,11,128,198095,19904625,CURR,XNAS.BASIC
2026-05-18 15:19:15.027412758+00:00,2026-05-18 15:19:15.027219205+00:00,0,81,19474,T,N,0,3.07,100,128,193553,20012176,CURR,XNAS.BASIC
2026-05-18 15:19:15.027456866+00:00,2026-05-18 15:19:15.027264604+00:00,0,81,19474,T,N,0,3.07,9,128,192262,20012177,CURR,XNAS.BASIC
2026-05-18 15:19:15.027576875+00:00,2026-05-18 15:19:15.027385073+00:00,0,81,19474,T,N,0,3.07,25,128,191802,20012178,CURR,XNAS.BASIC
2026-05-18 15:19:15.027619112+00:00,2026-05-18 15:19:15.027427031+00:00,0,81,19474,T,N,0,3.07,25,128,192081,20012179,CURR,XNAS.BASIC
2026-05-18 15:19:15.027645359+00:00,2026-05-18 15:19:15.027454649+00:00,0,81,19474,T,N,0,3.07,9,128,190710,20012180,CURR,XNAS.BASIC
2026-05-18 15:19:15.027663539+00:00,2026-05-18 15:19:15.027467875+00:00,0,81,19474,T,N,0,3.07,25,128,195664,20012181,CURR,XNAS.BASIC
2026-05-18 15:19:15.027730584+00:00,2026-05-18 15:19:15.027537929+00:00,0,81,19474,T,N,0,3.07,25,128,192655,20012182,CURR,XNAS.BASIC
2026-05-18 15:19:15.027799450+00:00,2026-05-18 15:19:15.027606065+00:00,0,81,19474,T,N,0,3.07,25,128,193385,20012183,CURR,XNAS.BASIC
2026-05-18 15:19:15.027845863+00:00,2026-05-18 15:19:15.027655405+00:00,0,81,19474,T,N,0,3.07,9,128,190458,20012184,CURR,XNAS.BASIC
2026-05-18 15:19:15.027932072+00:00,2026-05-18 15:19:15.027738246+00:00,0,81,19474,T,N,0,3.07,100,128,193826,20012185,CURR,XNAS.BASIC
2026-05-18 15:19:15.027947825+00:00,2026-05-18 15:19:15.027756708+00:00,0,81,19474,T,N,0,3.06,223,128,191117,20012186,CURR,XNAS.BASIC
2026-05-18 15:19:15.028140467+00:00,2026-05-18 15:19:15.027950001+00:00,0,81,19474,T,N,0,3.07,25,128,190466,20012188,CURR,XNAS.BASIC
2026-05-18 15:19:15.028148162+00:00,2026-05-18 15:19:15.027955207+00:00,0,81,19474,T,N,0,3.07,252,128,192955,20012189,CURR,XNAS.BASIC
2026-05-18 15:19:15.128291659+00:00,2026-05-18 15:19:15.128099051+00:00,0,81,19474,T,N,0,3.06,277,128,192608,20012645,CURR,XNAS.BASIC
2026-05-18 15:19:15.132152899+00:00,2026-05-18 15:19:15.131948031+00:00,0,82,19474,T,N,0,3.055,100,128,204868,20012649,CURR,XNAS.BASIC
2026-05-18 15:19:15.132172541+00:00,2026-05-18 15:19:15.131977349+00:00,0,82,19474,T,N,0,3.055,100,128,195192,20012650,CURR,XNAS.BASIC
2026-05-18 15:19:15.137823684+00:00,2026-05-18 15:19:15.137627367+00:00,0,82,19474,T,N,0,3.05,200,128,196317,20012665,CURR,XNAS.BASIC
2026-05-18 15:19:15.164833642+00:00,2026-05-18 15:19:15.164639147+00:00,0,81,19474,T,N,0,3.04,100,128,194495,20012711,CURR,XNAS.BASIC
2026-05-18 15:19:15.169044008+00:00,2026-05-18 15:19:15.168847847+00:00,0,82,19474,T,N,0,3.035,100,128,196161,20012722,CURR,XNAS.BASIC
2026-05-18 15:19:15.201315035+00:00,2026-05-18 15:19:15.201123857+00:00,0,81,19474,T,N,0,3.03,600,128,191178,20012761,CURR,XNAS.BASIC
2026-05-18 15:19:15.307613512+00:00,2026-05-18 15:19:15.307416245+00:00,0,82,19474,T,N,0,3.055,100,128,197267,20013003,CURR,XNAS.BASIC
2026-05-18 15:19:15.505653719+00:00,2026-05-18 15:19:15.505462115+00:00,0,81,19474,T,N,0,3.02,1,128,191604,20013390,CURR,XNAS.BASIC
2026-05-18 15:19:15.647438320+00:00,2026-05-18 15:19:15.647239539+00:00,0,81,19474,T,N,0,3.01,470,0,198781,20013845,CURR,XNAS.BASIC
2026-05-18 15:19:15.647438320+00:00,2026-05-18 15:19:15.647239539+00:00,0,81,19474,T,N,0,3.01,173,128,198781,20013846,CURR,XNAS.BASIC
2026-05-18 15:19:15.647445388+00:00,2026-05-18 15:19:15.647245746+00:00,0,81,19474,T,N,0,3.01,3179,128,199642,20013847,CURR,XNAS.BASIC
2026-05-18 15:19:15.647828034+00:00,2026-05-18 15:19:15.647636529+00:00,0,81,19474,T,N,0,3.0,304,128,191505,20013850,CURR,XNAS.BASIC
2026-05-18 15:19:15.647837135+00:00,2026-05-18 15:19:15.647638214+00:00,0,81,19474,T,N,0,3.0,516,128,198921,20013851,CURR,XNAS.BASIC
2026-05-18 15:19:16.653372859+00:00,2026-05-18 15:19:16.653179326+00:00,0,81,19474,T,N,0,2.99,152,128,193533,20016189,CURR,XNAS.BASIC
2026-05-18 15:19:16.653376650+00:00,2026-05-18 15:19:16.653184589+00:00,0,81,19474,T,N,0,2.99,48,128,192061,20016190,CURR,XNAS.BASIC
2026-05-18 15:19:16.653396472+00:00,2026-05-18 15:19:16.653202053+00:00,0,81,19474,T,N,0,2.99,100,128,194419,20016191,CURR,XNAS.BASIC
2026-05-18 15:19:17.271173771+00:00,2026-05-18 15:19:17.270980945+00:00,0,81,19474,T,N,0,2.98,600,128,192826,20017674,CURR,XNAS.BASIC
2026-05-18 15:19:17.271200018+00:00,2026-05-18 15:19:17.271009416+00:00,0,81,19474,T,N,0,2.98,25,128,190602,20017675,CURR,XNAS.BASIC
2026-05-18 15:19:17.271249339+00:00,2026-05-18 15:19:17.271055448+00:00,0,81,19474,T,N,0,2.98,25,128,193891,20017676,CURR,XNAS.BASIC
2026-05-18 15:19:17.277043906+00:00,2026-05-18 15:19:17.276848439+00:00,0,82,19474,T,N,0,3.0364,15,128,195467,20017688,CURR,XNAS.BASIC
2026-05-18 15:19:17.277575954+00:00,2026-05-18 15:19:17.277379435+00:00,0,82,19474,T,N,0,3.036,37,128,196519,20017689,CURR,XNAS.BASIC
2026-05-18 15:19:17.277798042+00:00,2026-05-18 15:19:17.277601309+00:00,0,82,19474,T,N,0,3.036,12,128,196733,20017690,CURR,XNAS.BASIC
2026-05-18 15:19:17.500288839+00:00,2026-05-18 15:19:17.500092087+00:00,0,82,19474,T,N,0,2.985,100,128,196752,20018107,CURR,XNAS.BASIC
2026-05-18 15:19:17.671211396+00:00,2026-05-18 15:19:17.671018425+00:00,0,81,19474,T,N,0,2.99,300,128,192971,20019364,CURR,XNAS.BASIC
2026-05-18 15:19:18.279361149+00:00,2026-05-18 15:19:18.279151240+00:00,0,82,19474,T,N,0,2.985,100,128,209909,20020620,CURR,XNAS.BASIC
2026-05-18 15:19:18.279371020+00:00,2026-05-18 15:19:18.279176061+00:00,0,82,19474,T,N,0,2.985,100,128,194959,20020621,CURR,XNAS.BASIC
2026-05-18 15:19:18.279382494+00:00,2026-05-18 15:19:18.279184115+00:00,0,82,19474,T,N,0,2.985,100,128,198379,20020622,CURR,XNAS.BASIC
2026-05-18 15:19:18.279603574+00:00,2026-05-18 15:19:18.279406399+00:00,0,82,19474,T,N,0,2.985,100,128,197175,20020623,CURR,XNAS.BASIC
2026-05-18 15:19:18.280009213+00:00,2026-05-18 15:19:18.279811984+00:00,0,82,19474,T,N,0,2.985,100,128,197229,20020624,CURR,XNAS.BASIC
2026-05-18 15:19:18.280238022+00:00,2026-05-18 15:19:18.280042034+00:00,0,82,19474,T,N,0,2.985,100,128,195988,20020625,CURR,XNAS.BASIC
2026-05-18 15:19:18.284245037+00:00,2026-05-18 15:19:18.284049799+00:00,0,82,19474,T,N,0,2.985,100,128,195238,20020628,CURR,XNAS.BASIC
2026-05-18 15:19:18.287925771+00:00,2026-05-18 15:19:18.287719306+00:00,0,82,19474,T,N,0,2.985,100,128,206465,20020632,CURR,XNAS.BASIC
2026-05-18 15:19:18.295471653+00:00,2026-05-18 15:19:18.295273225+00:00,0,82,19474,T,N,0,2.985,21,128,198428,20020647,CURR,XNAS.BASIC
2026-05-18 15:19:18.564078882+00:00,2026-05-18 15:19:18.563885416+00:00,0,81,19474,T,N,0,3.01,18,128,193466,20021096,CURR,XNAS.BASIC
2026-05-18 15:19:49.903378672+00:00,2026-05-18 15:19:49.903179303+00:00,0,82,19474,T,N,0,2.9817,60,128,199369,20089461,CURR,XNAS.BASIC
2026-05-18 15:19:50.558335716+00:00,2026-05-18 15:19:50.558138530+00:00,0,82,19474,T,N,0,3.01,0,128,197186,20090805,CURR,XNAS.BASIC
2026-05-18 15:20:58.500118064+00:00,2026-05-18 15:20:58.499917177+00:00,0,81,19474,T,N,0,3.04,180,0,200887,20247375,CURR,XNAS.BASIC
2026-05-18 15:20:58.500118064+00:00,2026-05-18 15:20:58.499917177+00:00,0,81,19474,T,N,0,3.04,100,0,200887,20247376,CURR,XNAS.BASIC
2026-05-18 15:20:58.500118064+00:00,2026-05-18 15:20:58.499917177+00:00,0,81,19474,T,N,0,3.04,251,128,200887,20247377,CURR,XNAS.BASIC
2026-05-18 15:20:58.500143846+00:00,2026-05-18 15:20:58.499951736+00:00,0,81,19474,T,N,0,3.04,100,128,192110,20247378,CURR,XNAS.BASIC
2026-05-18 15:20:58.500171766+00:00,2026-05-18 15:20:58.499980364+00:00,0,81,19474,T,N,0,3.04,100,128,191402,20247379,CURR,XNAS.BASIC
2026-05-18 15:20:58.500202870+00:00,2026-05-18 15:20:58.500010091+00:00,0,81,19474,T,N,0,3.04,100,128,192779,20247380,CURR,XNAS.BASIC
2026-05-18 15:20:58.500226759+00:00,2026-05-18 15:20:58.500030583+00:00,0,81,19474,T,N,0,3.04,49,0,196176,20247381,CURR,XNAS.BASIC
2026-05-18 15:20:58.500226759+00:00,2026-05-18 15:20:58.500030583+00:00,0,81,19474,T,N,0,3.04,1,128,196176,20247382,CURR,XNAS.BASIC
2026-05-18 15:20:58.500234004+00:00,2026-05-18 15:20:58.500039530+00:00,0,81,19474,T,N,0,3.04,49,128,194474,20247383,CURR,XNAS.BASIC
2026-05-18 15:20:58.500321857+00:00,2026-05-18 15:20:58.500131275+00:00,0,81,19474,T,N,0,3.04,50,128,190582,20247384,CURR,XNAS.BASIC
2026-05-18 15:21:06.947586916+00:00,2026-05-18 15:21:06.947388705+00:00,0,82,19474,T,N,0,3.0376,18,128,198211,20263512,CURR,XNAS.BASIC
2026-05-18 15:22:15.425352021+00:00,2026-05-18 15:22:15.425160314+00:00,0,81,19474,T,N,0,3.06,25,128,191707,20387153,CURR,XNAS.BASIC
2026-05-18 15:22:15.425401447+00:00,2026-05-18 15:22:15.425219933+00:00,0,88,19474,T,N,0,3.08,25,128,181514,20387154,CURR,XNAS.BASIC
2026-05-18 15:22:15.425409084+00:00,2026-05-18 15:22:15.425216018+00:00,0,81,19474,T,N,0,3.06,25,128,193066,20387155,CURR,XNAS.BASIC
2026-05-18 15:24:58.506155508+00:00,2026-05-18 15:24:58.505958914+00:00,0,82,19474,T,N,0,3.0466,100,128,196594,20665914,CURR,XNAS.BASIC
2026-05-18 15:25:08.160427347+00:00,2026-05-18 15:25:08.160231582+00:00,0,82,19474,T,N,0,3.066,100,128,195765,20683944,CURR,XNAS.BASIC
2026-05-18 15:26:14.301479430+00:00,2026-05-18 15:26:14.301287241+00:00,0,81,19474,T,N,0,3.05,32,128,192189,20791043,CURR,XNAS.BASIC
2026-05-18 15:26:14.307128797+00:00,2026-05-18 15:26:14.306923571+00:00,0,82,19474,T,N,0,3.1,0,128,205226,20791050,CURR,XNAS.BASIC
2026-05-18 15:26:14.312402886+00:00,2026-05-18 15:26:14.312207871+00:00,0,82,19474,T,N,0,3.1,1,128,195015,20791056,CURR,XNAS.BASIC
2026-05-18 15:27:23.079121009+00:00,2026-05-18 15:27:23.078923971+00:00,0,82,19474,T,N,0,3.1,159,128,197038,20911676,CURR,XNAS.BASIC
2026-05-18 15:27:23.079789368+00:00,2026-05-18 15:27:23.079589239+00:00,0,82,19474,T,N,0,3.1,3,128,200129,20911677,CURR,XNAS.BASIC
2026-05-18 15:28:53.949508355+00:00,2026-05-18 15:28:53.949316111+00:00,0,81,19474,T,N,0,3.05,25,128,192244,21073202,CURR,XNAS.BASIC
2026-05-18 15:28:54.272780531+00:00,2026-05-18 15:28:54.272584903+00:00,0,81,19474,T,N,0,3.05,143,0,195628,21073734,CURR,XNAS.BASIC
2026-05-18 15:28:54.272780531+00:00,2026-05-18 15:28:54.272584903+00:00,0,81,19474,T,N,0,3.05,100,128,195628,21073735,CURR,XNAS.BASIC
2026-05-18 15:28:54.273527037+00:00,2026-05-18 15:28:54.273328590+00:00,0,82,19474,T,N,0,3.05,100,128,198447,21073758,CURR,XNAS.BASIC
2026-05-18 15:28:54.280845711+00:00,2026-05-18 15:28:54.280649984+00:00,0,82,19474,T,N,0,3.05,200,128,195727,21073774,CURR,XNAS.BASIC
2026-05-18 15:28:58.369292501+00:00,2026-05-18 15:28:58.369099147+00:00,0,81,19474,T,N,0,3.05,43,128,193354,21081443,CURR,XNAS.BASIC
2026-05-18 15:28:59.273597424+00:00,2026-05-18 15:28:59.273402462+00:00,0,81,19474,T,N,0,3.05,1057,128,194962,21082741,CURR,XNAS.BASIC
2026-05-18 15:28:59.273639487+00:00,2026-05-18 15:28:59.273448702+00:00,0,81,19474,T,N,0,3.06,200,128,190785,21082742,CURR,XNAS.BASIC
2026-05-18 15:29:01.442430438+00:00,2026-05-18 15:29:01.442233033+00:00,0,81,19474,T,N,0,3.05,100,0,197405,21085927,CURR,XNAS.BASIC
2026-05-18 15:29:01.442430438+00:00,2026-05-18 15:29:01.442233033+00:00,0,81,19474,T,N,0,3.05,200,128,197405,21085928,CURR,XNAS.BASIC
2026-05-18 15:29:09.538630508+00:00,2026-05-18 15:29:09.538448431+00:00,0,88,19474,T,N,0,3.09,20,128,182077,21106639,CURR,XNAS.BASIC
2026-05-18 15:33:08.628164221+00:00,2026-05-18 15:33:08.627970438+00:00,0,81,19474,T,N,0,3.07,25,128,193783,21537593,CURR,XNAS.BASIC
2026-05-18 15:33:20.447160443+00:00,2026-05-18 15:33:20.446962844+00:00,0,82,19474,T,N,0,3.05,800,128,197599,21554140,CURR,XNAS.BASIC
2026-05-18 15:40:52.655986521+00:00,2026-05-18 15:40:52.655785406+00:00,0,82,19474,T,N,0,3.06,360,128,201115,22313522,CURR,XNAS.BASIC
2026-05-18 15:40:54.479306310+00:00,2026-05-18 15:40:54.479111579+00:00,0,81,19474,T,N,0,3.06,100,0,194731,22316075,CURR,XNAS.BASIC
2026-05-18 15:40:54.479306310+00:00,2026-05-18 15:40:54.479111579+00:00,0,81,19474,T,N,0,3.06,100,128,194731,22316076,CURR,XNAS.BASIC
2026-05-18 15:40:54.479673562+00:00,2026-05-18 15:40:54.479476319+00:00,0,81,19474,T,N,0,3.06,100,0,197243,22316077,CURR,XNAS.BASIC
2026-05-18 15:40:54.479673562+00:00,2026-05-18 15:40:54.479476319+00:00,0,81,19474,T,N,0,3.06,100,128,197243,22316078,CURR,XNAS.BASIC
2026-05-18 15:40:54.479676501+00:00,2026-05-18 15:40:54.479477714+00:00,0,81,19474,T,N,0,3.06,100,0,198787,22316079,CURR,XNAS.BASIC
2026-05-18 15:40:54.479676501+00:00,2026-05-18 15:40:54.479477714+00:00,0,81,19474,T,N,0,3.07,100,128,198787,22316080,CURR,XNAS.BASIC
2026-05-18 15:40:54.479678744+00:00,2026-05-18 15:40:54.479494695+00:00,0,88,19474,T,N,0,3.06,25,128,184049,22316081,CURR,XNAS.BASIC
2026-05-18 15:40:54.479697371+00:00,2026-05-18 15:40:54.479504773+00:00,0,81,19474,T,N,0,3.07,50,128,192598,22316082,CURR,XNAS.BASIC
2026-05-18 15:40:54.479740812+00:00,2026-05-18 15:40:54.479547695+00:00,0,81,19474,T,N,0,3.07,50,0,193117,22316083,CURR,XNAS.BASIC
2026-05-18 15:40:54.479740812+00:00,2026-05-18 15:40:54.479547695+00:00,0,81,19474,T,N,0,3.07,150,128,193117,22316084,CURR,XNAS.BASIC
2026-05-18 15:40:54.479750251+00:00,2026-05-18 15:40:54.479566799+00:00,0,89,19474,T,N,0,3.06,25,128,183452,22316085,CURR,XNAS.BASIC
2026-05-18 15:40:54.479767885+00:00,2026-05-18 15:40:54.479572289+00:00,0,81,19474,T,N,0,3.07,50,128,195596,22316086,CURR,XNAS.BASIC
2026-05-18 15:40:54.479783033+00:00,2026-05-18 15:40:54.479584878+00:00,0,81,19474,T,N,0,3.07,50,0,198155,22316087,CURR,XNAS.BASIC
2026-05-18 15:40:54.479783033+00:00,2026-05-18 15:40:54.479584878+00:00,0,81,19474,T,N,0,3.07,50,0,198155,22316088,CURR,XNAS.BASIC
2026-05-18 15:40:54.479783033+00:00,2026-05-18 15:40:54.479599102+00:00,0,88,19474,T,N,0,3.06,25,128,183931,22316089,CURR,XNAS.BASIC
2026-05-18 15:40:54.479879568+00:00,2026-05-18 15:40:54.479696883+00:00,0,89,19474,T,N,0,3.07,25,128,182685,22316090,CURR,XNAS.BASIC
2026-05-18 15:40:54.480198437+00:00,2026-05-18 15:40:54.479999164+00:00,0,82,19474,T,N,0,3.06,100,128,199273,22316091,CURR,XNAS.BASIC
2026-05-18 15:41:54.695012874+00:00,2026-05-18 15:41:54.694810433+00:00,0,82,19474,T,N,0,3.1,10,128,202441,22411287,CURR,XNAS.BASIC
2026-05-18 15:42:49.743926333+00:00,2026-05-18 15:42:49.743725169+00:00,0,82,19474,T,N,0,3.0798,99,128,201164,22497234,CURR,XNAS.BASIC
2026-05-18 15:50:45.339033788+00:00,2026-05-18 15:50:45.338828127+00:00,0,82,19474,T,N,0,3.1134,8,128,205661,23256424,CURR,XNAS.BASIC
2026-05-18 15:52:10.755425767+00:00,2026-05-18 15:52:10.755228880+00:00,0,82,19474,T,N,0,3.1,5,128,196887,23387209,CURR,XNAS.BASIC
2026-05-18 15:52:59.498573110+00:00,2026-05-18 15:52:59.498376189+00:00,0,82,19474,T,N,0,3.06,100,128,196921,23462636,CURR,XNAS.BASIC
2026-05-18 15:52:59.501003389+00:00,2026-05-18 15:52:59.500805292+00:00,0,81,19474,T,N,0,3.07,50,0,198097,23462638,CURR,XNAS.BASIC
2026-05-18 15:52:59.501003389+00:00,2026-05-18 15:52:59.500805292+00:00,0,81,19474,T,N,0,3.07,100,128,198097,23462639,CURR,XNAS.BASIC
2026-05-18 15:53:04.501160172+00:00,2026-05-18 15:53:04.500966727+00:00,0,81,19474,T,N,0,3.06,100,128,193445,23471093,CURR,XNAS.BASIC
2026-05-18 15:53:19.979916560+00:00,2026-05-18 15:53:19.979721074+00:00,0,81,19474,T,N,0,3.06,100,128,195486,23494436,CURR,XNAS.BASIC
2026-05-18 15:53:19.980774725+00:00,2026-05-18 15:53:19.980575454+00:00,0,82,19474,T,N,0,3.06,50,128,199271,23494438,CURR,XNAS.BASIC
2026-05-18 15:53:19.980857800+00:00,2026-05-18 15:53:19.980660662+00:00,0,82,19474,T,N,0,3.06,50,128,197138,23494439,CURR,XNAS.BASIC
2026-05-18 15:53:19.981542936+00:00,2026-05-18 15:53:19.981343847+00:00,0,82,19474,T,N,0,3.06,13,128,199089,23494440,CURR,XNAS.BASIC
2026-05-18 15:53:19.981885964+00:00,2026-05-18 15:53:19.981689783+00:00,0,82,19474,T,N,0,3.06,13,128,196181,23494441,CURR,XNAS.BASIC
2026-05-18 15:53:19.981936504+00:00,2026-05-18 15:53:19.981732599+00:00,0,82,19474,T,N,0,3.06,13,128,203905,23494442,CURR,XNAS.BASIC
2026-05-18 15:53:19.982247596+00:00,2026-05-18 15:53:19.982050328+00:00,0,82,19474,T,N,0,3.06,13,128,197268,23494443,CURR,XNAS.BASIC
2026-05-18 15:53:19.982259505+00:00,2026-05-18 15:53:19.982063075+00:00,0,82,19474,T,N,0,3.06,13,128,196430,23494444,CURR,XNAS.BASIC
2026-05-18 15:53:19.999626476+00:00,2026-05-18 15:53:19.999429247+00:00,0,82,19474,T,N,0,3.06,13,128,197229,23494460,CURR,XNAS.BASIC
2026-05-18 15:53:20.011337813+00:00,2026-05-18 15:53:20.011141399+00:00,0,82,19474,T,N,0,3.06,50,128,196414,23494476,CURR,XNAS.BASIC
2026-05-18 15:53:24.979959480+00:00,2026-05-18 15:53:24.979762632+00:00,0,81,19474,T,N,0,3.06,100,128,196848,23502801,CURR,XNAS.BASIC
2026-05-18 15:53:32.116430622+00:00,2026-05-18 15:53:32.116236188+00:00,0,81,19474,T,N,0,3.05,71,128,194434,23514004,CURR,XNAS.BASIC
2026-05-18 15:58:20.478336546+00:00,2026-05-18 15:58:20.478140708+00:00,0,81,19474,T,N,0,3.08,100,128,195838,23947352,CURR,XNAS.BASIC
2026-05-18 15:58:43.757869894+00:00,2026-05-18 15:58:43.757667688+00:00,0,82,19474,T,N,0,3.08,500,128,202206,23984694,CURR,XNAS.BASIC
2026-05-18 15:58:55.835227850+00:00,2026-05-18 15:58:55.835035950+00:00,0,81,19474,T,N,0,3.08,77,128,191900,24003925,CURR,XNAS.BASIC
2026-05-18 16:00:47.883687759+00:00,2026-05-18 16:00:47.883490219+00:00,0,82,19474,T,N,0,3.07,50,128,197540,24179421,CURR,XNAS.BASIC
2026-05-18 16:00:47.883707863+00:00,2026-05-18 16:00:47.883510994+00:00,0,82,19474,T,N,0,3.07,100,128,196869,24179423,CURR,XNAS.BASIC
2026-05-18 16:00:47.883865770+00:00,2026-05-18 16:00:47.883670475+00:00,0,82,19474,T,N,0,3.07,100,128,195295,24179424,CURR,XNAS.BASIC
2026-05-18 16:00:47.885117180+00:00,2026-05-18 16:00:47.884922136+00:00,0,82,19474,T,N,0,3.07,100,128,195044,24179428,CURR,XNAS.BASIC
2026-05-18 16:01:43.733206776+00:00,2026-05-18 16:01:43.733009753+00:00,0,82,19474,T,N,0,3.105,3,128,197023,24269066,CURR,XNAS.BASIC
2026-05-18 16:01:58.682297414+00:00,2026-05-18 16:01:58.682100327+00:00,0,82,19474,T,N,0,3.105,3,128,197087,24288998,CURR,XNAS.BASIC
2026-05-18 16:03:57.634657309+00:00,2026-05-18 16:03:57.634455880+00:00,0,82,19474,T,N,0,3.0873,200,128,201429,24455052,CURR,XNAS.BASIC
2026-05-18 16:05:02.431562516+00:00,2026-05-18 16:05:02.431363992+00:00,0,82,19474,T,N,0,3.1299,1,128,198524,24551364,CURR,XNAS.BASIC
2026-05-18 16:11:01.293875605+00:00,2026-05-18 16:11:01.293679248+00:00,0,82,19474,T,N,0,3.0701,120,128,196357,25092809,CURR,XNAS.BASIC
2026-05-18 16:12:52.782363186+00:00,2026-05-18 16:12:52.782165400+00:00,0,82,19474,T,N,0,3.13,100,128,197786,25267820,CURR,XNAS.BASIC
2026-05-18 16:12:52.783540597+00:00,2026-05-18 16:12:52.783345125+00:00,0,82,19474,T,N,0,3.14,100,128,195472,25267823,CURR,XNAS.BASIC
2026-05-18 16:15:02.698224505+00:00,2026-05-18 16:15:02.698026358+00:00,0,82,19474,T,N,0,3.0718,5,128,198147,25461475,CURR,XNAS.BASIC
2026-05-18 16:15:02.848488375+00:00,2026-05-18 16:15:02.848291401+00:00,0,82,19474,T,N,0,3.0998,1,128,196974,25461740,CURR,XNAS.BASIC
2026-05-18 16:16:25.565221361+00:00,2026-05-18 16:16:25.565023445+00:00,0,82,19474,T,N,0,3.07,100,128,197916,25584283,CURR,XNAS.BASIC
2026-05-18 16:16:25.565226602+00:00,2026-05-18 16:16:25.565029197+00:00,0,82,19474,T,N,0,3.07,100,128,197405,25584284,CURR,XNAS.BASIC
2026-05-18 16:16:25.565453466+00:00,2026-05-18 16:16:25.565258911+00:00,0,82,19474,T,N,0,3.07,100,128,194555,25584285,CURR,XNAS.BASIC
2026-05-18 16:16:25.566619449+00:00,2026-05-18 16:16:25.566422315+00:00,0,82,19474,T,N,0,3.07,100,128,197134,25584288,CURR,XNAS.BASIC
2026-05-18 16:26:17.694114275+00:00,2026-05-18 16:26:17.693920977+00:00,0,81,19474,T,N,0,3.07,9,128,193298,26557603,CURR,XNAS.BASIC
2026-05-18 16:29:13.471489541+00:00,2026-05-18 16:29:13.471288254+00:00,0,81,19474,T,N,0,3.07,91,0,201287,26923145,CURR,XNAS.BASIC
2026-05-18 16:29:13.471489541+00:00,2026-05-18 16:29:13.471288254+00:00,0,81,19474,T,N,0,3.07,200,0,201287,26923146,CURR,XNAS.BASIC
2026-05-18 16:29:13.471489541+00:00,2026-05-18 16:29:13.471288254+00:00,0,81,19474,T,N,0,3.07,200,128,201287,26923147,CURR,XNAS.BASIC
2026-05-18 16:29:13.531301146+00:00,2026-05-18 16:29:13.531107858+00:00,0,81,19474,T,N,0,3.06,200,128,193288,26923253,CURR,XNAS.BASIC
2026-05-18 16:29:14.303814507+00:00,2026-05-18 16:29:14.303616764+00:00,0,82,19474,T,N,0,3.035,7,128,197743,26924663,CURR,XNAS.BASIC
2026-05-18 16:29:14.685854830+00:00,2026-05-18 16:29:14.685658618+00:00,0,82,19474,T,N,0,3.035,9,128,196212,26925262,CURR,XNAS.BASIC
2026-05-18 16:29:14.688908237+00:00,2026-05-18 16:29:14.688709941+00:00,0,82,19474,T,N,0,3.035,6,128,198296,26925263,CURR,XNAS.BASIC
2026-05-18 16:30:15.279218697+00:00,2026-05-18 16:30:15.279022501+00:00,0,81,19474,T,N,0,3.02,100,0,196196,27043325,CURR,XNAS.BASIC
2026-05-18 16:30:15.279218697+00:00,2026-05-18 16:30:15.279022501+00:00,0,81,19474,T,N,0,3.01,100,128,196196,27043326,CURR,XNAS.BASIC
2026-05-18 16:30:15.279237832+00:00,2026-05-18 16:30:15.279039587+00:00,0,81,19474,T,N,0,3.01,100,0,198245,27043327,CURR,XNAS.BASIC
2026-05-18 16:30:15.279237832+00:00,2026-05-18 16:30:15.279039587+00:00,0,81,19474,T,N,0,3.01,200,128,198245,27043328,CURR,XNAS.BASIC
2026-05-18 16:30:15.279273103+00:00,2026-05-18 16:30:15.279082626+00:00,0,81,19474,T,N,0,3.02,100,128,190477,27043329,CURR,XNAS.BASIC
2026-05-18 16:30:15.280418605+00:00,2026-05-18 16:30:15.280221886+00:00,0,82,19474,T,N,0,3.01,3100,128,196719,27043331,CURR,XNAS.BASIC
2026-05-18 16:30:15.332984616+00:00,2026-05-18 16:30:15.332786440+00:00,0,82,19474,T,N,0,3.01,100,128,198176,27043456,CURR,XNAS.BASIC
2026-05-18 16:30:15.334421087+00:00,2026-05-18 16:30:15.334223602+00:00,0,82,19474,T,N,0,3.01,100,128,197485,27043458,CURR,XNAS.BASIC
2026-05-18 16:30:15.508168904+00:00,2026-05-18 16:30:15.507973402+00:00,0,82,19474,T,N,0,3.011,1300,128,195502,27043773,CURR,XNAS.BASIC
2026-05-18 16:31:05.273894569+00:00,2026-05-18 16:31:05.273695809+00:00,0,82,19474,T,N,0,3.0225,36,128,198760,27153376,CURR,XNAS.BASIC
2026-05-18 16:31:15.332020182+00:00,2026-05-18 16:31:15.331820674+00:00,0,82,19474,T,N,0,3.04,100,128,199508,27176606,CURR,XNAS.BASIC
2026-05-18 16:34:22.975933252+00:00,2026-05-18 16:34:22.975738709+00:00,0,81,19474,T,N,0,3.01,100,128,194543,27453519,CURR,XNAS.BASIC
2026-05-18 16:34:31.546932600+00:00,2026-05-18 16:34:31.546737134+00:00,0,81,19474,T,N,0,3.0,3,128,195466,27466414,CURR,XNAS.BASIC
2026-05-18 16:35:28.107483552+00:00,2026-05-18 16:35:28.107291429+00:00,0,81,19474,T,N,0,3.0,13,128,192123,27549196,CURR,XNAS.BASIC
2026-05-18 16:36:38.510897470+00:00,2026-05-18 16:36:38.510705022+00:00,0,81,19474,T,N,0,3.0,13,128,192448,27644589,CURR,XNAS.BASIC
2026-05-18 16:36:39.886704939+00:00,2026-05-18 16:36:39.886513016+00:00,0,81,19474,T,N,0,3.0,100,128,191923,27646317,CURR,XNAS.BASIC
2026-05-18 16:36:50.073461045+00:00,2026-05-18 16:36:50.073262749+00:00,0,82,19474,T,N,0,3.0013,80,128,198296,27657290,CURR,XNAS.BASIC
2026-05-18 16:37:16.617882969+00:00,2026-05-18 16:37:16.617690952+00:00,0,81,19474,T,N,0,3.0,100,128,192017,27689963,CURR,XNAS.BASIC
2026-05-18 16:37:16.618542563+00:00,2026-05-18 16:37:16.618350957+00:00,0,81,19474,T,N,0,3.0,2371,128,191606,27689966,CURR,XNAS.BASIC
2026-05-18 16:38:05.109188760+00:00,2026-05-18 16:38:05.108994869+00:00,0,81,19474,T,N,0,3.0,100,128,193891,27752512,CURR,XNAS.BASIC
2026-05-18 16:38:15.911536951+00:00,2026-05-18 16:38:15.911342260+00:00,0,82,19474,T,N,0,3.01,100,128,194691,27766994,CURR,XNAS.BASIC
2026-05-18 16:38:15.914930883+00:00,2026-05-18 16:38:15.914736213+00:00,0,82,19474,T,N,0,3.01,78,128,194670,27767004,CURR,XNAS.BASIC
2026-05-18 16:38:15.922777571+00:00,2026-05-18 16:38:15.922583103+00:00,0,82,19474,T,N,0,3.0,0,128,194468,27767027,CURR,XNAS.BASIC
2026-05-18 16:38:16.585679055+00:00,2026-05-18 16:38:16.585486523+00:00,0,81,19474,T,N,0,3.01,100,128,192532,27767963,CURR,XNAS.BASIC
2026-05-18 16:38:47.496057297+00:00,2026-05-18 16:38:47.495863215+00:00,0,81,19474,T,N,0,3.0,100,128,194082,27805692,CURR,XNAS.BASIC
2026-05-18 16:39:47.023965043+00:00,2026-05-18 16:39:47.023768287+00:00,0,82,19474,T,N,0,3.0,100,128,196756,27879668,CURR,XNAS.BASIC
2026-05-18 16:39:47.033440797+00:00,2026-05-18 16:39:47.033243826+00:00,0,82,19474,T,N,0,3.0,100,128,196971,27879676,CURR,XNAS.BASIC
2026-05-18 16:40:28.666718645+00:00,2026-05-18 16:40:28.666527247+00:00,0,81,19474,T,N,0,3.0,100,128,191398,27934180,CURR,XNAS.BASIC
2026-05-18 16:40:28.666767512+00:00,2026-05-18 16:40:28.666572360+00:00,0,81,19474,T,N,0,3.01,200,128,195152,27934181,CURR,XNAS.BASIC
2026-05-18 16:40:28.666780206+00:00,2026-05-18 16:40:28.666588614+00:00,0,81,19474,T,N,0,3.0,21,128,191592,27934182,CURR,XNAS.BASIC
